2880 4882
599 549 834 616 ΎΠΟΘΕΣΙΣ.

189 677 320 742 Ἐτεοκλής
332 673 484 748 παραλαβεῖν
497 673 541 741 τὴν
554 679 602 730 τῶν
615 675 704 742 Θηβῶν
717 675 851 743 βασιλείαν
863 679 997 752 ἀποστερεῖ
1003 683 1046 734 τού
1054 678 1135 754 μέρους
1143 679 1184 735 πδν
1191 681 1298 758 ἀδελφδν

148 776 225 828 αἰτοῖ
247 772 399 839 Πολυνείκην.
420 772 504 846 φυγάς
522 771 542 825 δ’
564 774 650 834 ἐκεῖνος
667 766 796 845 εἷς”Αργος
811 771 1002 846 παραγενόμενος
1017 772 1094 848 ἔγημε
1111 775 1156 844 τήν
1173 775 1297 852 θυγατέρα

149 873 192 922 ποῖ
205 865 329 936 βασιλέως
342 867 485 940 Ἀδράστου.
505 867 637 921 κατελθεῖν
651 863 676 920 δέ
695 869 729 929 είς
746 865 790 933 τήν
807 867 914 939 πατρίδα
932 873 1138 942 φιλοτιμούμενος,
1153 871 1196 925 καῖ
1210 875 1298 937 πείσας

148 959 191 1015 πδν
203 960 321 1033 πενθερδν,
336 959 487 1033 συνήθροισεν
500 954 629 1033 ἀξιόχρεων
643 959 749 1033 στρατδν
762 961 831 1014 κατὰ
845 967 887 1015 τοῦ
900 964 1018 1038 ἀδελφοῦ,
1032 965 1075 1019 καὶ
1090 969 1123 1029 εῖς
1136 965 1225 1034 Θήβας
1238 967 1297 1036 ἐλή-

148 1057 229 1112 λυθεν.
250 1055 265 1124 ἦ
279 1055 304 1112 δέ
317 1055 397 1130 μήτηρ
410 1057 607 1124 αὒτοῖιῚοκάστη
620 1051 714 1110 ἐπεισεν
723 1057 797 1112 αὗτδν
811 1055 952 1114 ὑπόσπονδον
965 1061 1045 1115 ἐλθεῖν
1058 1065 1091 1126 είς
1104 1061 1149 1129 τήν
1162 1061 1238 1129 πόλιν,
1254 1065 1298 1119 καῖ

147 1249 249 1324 ραννίδος
260 1254 302 1305 τού
314 1245 476 1312 Ἐτεοκλέους,
486 1245 501 1315 ἧ
512 1245 558 1320 μέν
570 1249 688 1315 Ἰοκάστη
701 1250 737 1302 τά
750 1246 826 1303 τέκνα
835 1253 869 1313 είς
876 1253 963 1324 φιλίαν
973 1259 1125 1326 συναγαγεῖν
1135 1259 1175 1309 οὐκ
1184 1256 1296 1323 ἠδύνατο·

148 1344 294 1411 Πολυνείκης
313 1340 339 1398 δέ
359 1346 388 1405 ὥς
407 1341 462 1415 πρδς
477 1340 590 1413 πολέμιον
603 1337 810 1416 παραταξάμενος
822 1345 960 1419 ἀνεχύρησε
974 1349 1017 1414 τής
1030 1347 1128 1414 πόλεως.
1142 1346 1231 1426 ἔχρησε
1246 1351 1270 1409 δὲ
1285 1356 1296 1408 ό

146 1440 273 1514 Τειρεσίας
290 1435 395 1504 νικήσειν
413 1438 467 1500 τούς
487 1439 514 1490 ἐκ
530 1437 573 1503 τής
588 1433 685 1500 πόλεως,
699 1438 743 1490 ἐὰν
756 1439 767 1490 ό
780 1443 839 1502 παῖς
853 1441 962 1512 Κρέοντος
975 1446 1103 1509 Μενοικεὺς
1111 1449 1220 1522 σφάγιον
1228 1445 1296 1524 Ἄρει

146 1534 257 1608 γένηται.
279 1535 291 1588 ό
310 1530 356 1604 μέν
375 1525 413 1586 οδν
432 1529 509 1605 Κρέων
525 1531 645 1605 ήρνήσατο
664 1533 782 1587 ἐπιδοῦναι
803 1538 834 1606 τῇ
854 1533 922 1590 πόλει
939 1536 982 1592 τδν
998 1541 1089 1594 παῖδα·
1111 1541 1165 1597 ὅδὲ
1176 1545 1297 1610 νεανίσκος

146 1631 271 1699 ἐβούλετο,
286 1627 329 1682 καῖ
347 1632 390 1681 τοῦ
407 1625 497 1699 τατρδς
516 1629 590 1681 αὐτοῦ
603 1627 684 1702 φυγήν
697 1630 766 1698 μετὰ
779 1631 910 1703 χρημάτων
923 1631 1032 1699 διδόντος,
1048 1635 1134 1691 ἐαυτδν
1147 1634 1294 1712 ἀπέσφαξε.

147 1725 255 1793 Θηβαῖοι
267 1720 292 1778 δέ
306 1722 361 1784 τοδς
374 1717 494 1794 ήγεμίνας
506 1724 553 1774 τοῖν
566 1722 678 1794 Ἀργείων
692 1716 819 1796 ἔσφαξαν.
847 1727 976 1792 Ἐτεοκλής
992 1725 1018 1781 δὲ
1032 1728 1075 1781 καῖ
1095 1732 1237 1798 Πολυνείκης
1249 1754 1295 1802 μο-

146 1822 333 1895 νομαχήσαντες
341 1822 436 1874 ἀνεῖλον
443 1817 572 1886 ἀλλήλους.
586 1817 656 1889 ήμέν
668 1812 706 1872 οδν
719 1817 798 1894 μήτηρ
811 1823 891 1875 αὐτῶν
905 1824 1005 1894 εὑροῦσα
1018 1826 1107 1897 νεκροδς
1118 1828 1172 1888 τοὺς
1182 1828 1293 1891 υίοδςκα-

145 1914 276 1996 τέσφαξεν
289 1915 386 1983 ἐαυτήν·
413 1917 424 1970 ὅ
437 1912 463 1970 δὲ
476 1916 569 1982 ταύτης
581 1914 686 1990 ἀδελφδς
697 1914 775 1989 Κρέων
784 1915 913 1989 παρέλαβε
926 1917 970 1984 τὴν
983 1920 1137 1976 δυναστείαν.
1164 1926 1185 1975 οῖ
1197 1920 1222 1978 δὲ
1236 1927 1293 1998 Ἀρ-

145 2021 207 2090 γεῖοι
227 2020 260 2090 πῇ
277 2016 350 2088 μάχη
369 2010 513 2081 ἡττηθέντες
525 2013 691 2086 ἀνεχύρησαν.
715 2011 792 2086 Κρέων
805 2010 831 2068 δέ
845 2014 964 2087 δυσχερῶς
976 2014 1062 2090 φόρων,
1077 2018 1131 2082 τοὺς
1142 2015 1189 2089 μέν
1201 2019 1244 2075 όπδ
1263 2030 1296 2096 τή

147 2113 262 2184 Καδμεία
274 2116 323 2166 τῦν
340 2109 459 2182 πολεμίων
474 2107 595 2173 πεσόντας
608 2113 649 2163 οὐκ
661 2104 746 2164 ἔδωκεν
759 2113 793 2174 εἷς
804 2109 898 2185 ταφήν,
914 2111 1056 2180 Πολυνείκην
1070 2110 1096 2168 δέ
1108 2114 1236 2182 ἀκήδευτον
1254 2115 1292 2190 ἐρ·

145 2211 224 2284 ριψεν,
239 2211 349 2265 Οῖδίτουν
362 2204 387 2264 δέ
398 2207 502 2282 φυγάδα
516 2207 559 2273 τής
571 2207 687 2280 πατρίδος
700 2205 856 2278 ἀπέπεμψεν,
871 2210 912 2282 ἐφ’
928 2202 958 2260 ἀν
969 2205 1015 2278 μὲν
1027 2212 1053 2262 οὐ
1067 2205 1183 2284 φυλάξας
1193 2211 1235 2267 τδν
1247 2218 1294 2269 ἀν.

146 2306 255 2379 θράπινον
268 2303 344 2377 νόμον,
359 2307 399 2381 ἐφ’
415 2298 444 2358 δν
457 2301 484 2360 δέ
496 2303 540 2371 τήν
553 2303 622 2378 ἀργήν
635 2302 804 2376 λαγοποιήσας,
819 2301 869 2358 οὐδὲ
883 2305 951 2378 παρά
965 2303 1010 2371 τήν
1023 2305 1157 2375 δυστυχίαν
1167 2307 1281 2377 ἐλεήσας.

614 2521 831 2570 -φ-

638 2721 798 2786 ΑΛΛΩΣ.

184 2851 364 2926 Ἃρπασθείσης
378 2848 486 2922 Εὐρύτης
498 2846 541 2902 ὖπδ
555 2847 611 2911 Διδς
622 2849 748 2921 γενομένου
761 2852 857 2924 ταύρου,
871 2849 914 2905 καῖ
927 2855 1152 2925 μετακομισθείσης
1167 2855 1216 2911 ἀπδ
1234 2863 1291 2912 Φοι-

145 2953 209 3019 νίκης
221 2951 263 3006 διά
276 2949 404 3015 θαλάττης
417 2949 451 3010 είς
463 2944 566 3019 Κρήτην,
580 2947 592 3000 θ
605 2942 651 3017 μέν
663 2945 745 3021 πατήρ
760 2949 836 3015 αύτής
847 2947 951 3022 Ἀγήνωρ
965 2945 1064 3021 ἐπεμφε
1077 2951 1118 3007 τδν
1132 2953 1179 3008 υῖδν
1193 2956 1292 3027 Κάδμον

144 3049 185 3104 ἐπὶ
199 3047 300 3118 ζήτησιν
313 3046 357 3113 τής
368 3042 443 3117 κόρης,
458 3041 538 3109 εῖπιδν,
552 3047 575 3098 εί
586 3042 622 3114 μή
635 3046 729 3112 ταύτην
741 3041 810 3118 εὗρόν
823 3041 886 3111 ἄξοι,
901 3048 956 3117 μηδ’
970 3042 1001 3101 ἀν
1014 3048 1089 3104 αύτδν
1102 3052 1244 3105 ἐπανελθεῖν
1257 3047 1291 3105 οῖ-

144 3142 213 3196 καδε.
234 3141 332 3210 Κάδμος
338 3135 364 3192 δέ
371 3141 413 3191 ούκ
426 3131 540 3206 έχωνδτι
551 3135 596 3190 καῖ
606 3139 712 3211 δράσειε,
727 3136 799 3210 μόνην
812 3134 872 3211 ἔγνω
887 3140 929 3205 τῆς
940 3142 1038 3214 ἀπορίας
1052 3143 1121 3196 λύσιν
1134 3150 1292 3218 καταφυγεῖν

144 3241 179 3302 είς
191 3235 372 3291 Ἀπόλλωνκάκ
392 3235 478 3288 τούτου
497 3238 586 3306 γνῶναι
602 3235 630 3287 τί
648 3236 686 3288 δεῖ
699 3240 782 3291 ποιεῖν.
808 3233 883 3291 ἐλθεῖν
902 3229 939 3289 οδν
959 3240 992 3301 είς
1006 3241 1116 3314 Δελφοὺς
1128 3235 1195 3314 ήρετο
1209 3247 1291 3296 τοῦτον

143 3329 247 3406 περῖατής
257 3329 375 3404 ἀδελφῆς·
391 3328 433 3382 καῖ
441 3321 467 3390 ῖς
479 3336 530 3400 χρᾷ
535 3325 581 3399 μὲν
594 3325 657 3383 οὐδὲν
671 3332 739 3398 αὐτῷ
751 3328 804 3402 περὶ
818 3330 861 3395 τής
870 3329 988 3400 Εὐρύτης,
1000 3329 1069 3402 λέγει
1080 3329 1103 3386 δέ
1118 3337 1148 3395 ὦς
1160 3328 1292 3395 ἐξελθόντα

144 3428 244 3492 ἐκεῖθεν,
259 3422 461 3492 ἀκολουθήσαντα
473 3419 522 3492 βοῒ,
537 3418 560 3478 οἷ
572 3419 602 3476 ἀν
615 3424 679 3492 αὕτη
692 3447 723 3497 γε
736 3422 809 3497 πέση,
824 3427 900 3478 κάκεῖ
909 3423 999 3494 κτίζειν
1011 3424 1088 3482 πόλιν.
1117 3429 1128 3481 ὅ
1146 3426 1171 3482 δὲ
1185 3429 1292 3494 πεισθεὶς

144 3528 181 3593 τηῖ
201 3526 303 3596 χρησμᾷ
323 3519 367 3587 τήν
385 3517 431 3591 μὲν
451 3517 504 3592 πρδς
524 3518 568 3586 τήν
588 3519 697 3594 πατρίδα
714 3520 824 3575 ἐπάνοδον
845 3516 924 3585 ε’ίασε,
939 3521 997 3588 βοῦν
1010 3520 1035 3576 δέ
1049 3525 1120 3578 κατά
1133 3525 1209 3595 τύχην
1222 3521 1292 3600 εὗρόν

143 3611 253 3687 ήγεμίνα
265 3615 308 3680 τῆς
320 3614 370 3667 ὁδοῦ
383 3610 525 3680 ἐποιήσατο.
546 3613 662 3680 ἐλθούσης
679 3610 705 3668 δὲ
722 3615 798 3680 αὐτῆς
810 3617 834 3666 ἐν
848 3609 866 3683 φ
879 3617 918 3667 νῦν
931 3613 1056 3681 ἑστήκασι
1070 3615 1135 3686 τύπω
1153 3622 1182 3671 αῖ
1195 3620 1289 3688 Θήβαν,

143 3715 219 3767 κάκεῖ
228 3710 381 3784 παραχρῆμα
393 3711 521 3778 πεσούσης,
535 3704 595 3782 ἔγνω
609 3732 637 3764 τε
651 3706 716 3774 οὗτος
728 3709 769 3764 τδν
780 3709 888 3782 χρησμδν
901 3710 1056 3786 τελεσφόρον,
1072 3714 1114 3768 καῖ
1127 3713 1196 3770 τύλαν
1210 3719 1289 3772 ἑπτά-

144 3819 216 3866 πυλον
233 3808 312 3878 κτίζει
332 3810 377 3871 τάς
395 3807 484 3876 Θήβας
500 3807 630 3878 ὁμωνύμους
649 3811 697 3861 τῖν
715 3807 916 3860 ἑκατοντατύλων
934 3811 1071 3879 Αἰγυπτίων
1084 3813 1182 3879 Θηβοῖν,
1201 3813 1290 3887 χρησί-

143 3930 211 3980 μενος
223 3904 364 3976 ἐπιστήμινι
382 3906 425 3972 τής
442 3905 560 3976 οῖκοδομῆς
577 3904 619 3959 καῖ
633 3904 724 3978 ἐργάτη
738 3903 850 3976 Ἀμφίονι
863 3911 898 3973 τῷ
910 3912 1027 3974 μουσικξῖ
1050 3911 1132 3960 τοῦτον
1146 3910 1195 3981 γάρ
1208 3919 1289 3984 φασιν

143 4004 327 4078 ἀνακρουόμενον
338 3999 410 4072 μόνος
423 4000 518 4073 θέλγειν
533 4023 563 4054 τε
579 4005 615 4070 τρῖ
630 3999 702 4070 με’λει
716 4001 770 4062 τοὺς
783 3998 868 4064 λίθους,
882 3999 925 4053 καὶ
940 4002 1139 4070 ἀλλεπαλλήλως
1151 4007 1231 4059 αὐτοῖν
1246 4029 1285 4061 τι·

143 4100 245 4172 θεμένων
258 4094 384 4163 ἀποδεῖξαι
397 4100 433 4153 τὰ
445 4098 525 4168 τείχη·
547 4097 626 4161 πύλας
639 4095 664 4152 δὲ
677 4092 743 4166 ἐχειν
761 4093 805 4161 τήν
823 4093 890 4151 πόλιν
909 4097 984 4162 ἔπτὰ,
1001 4098 1079 4165 ἐπειδὴ
1094 4098 1136 4153 καῖ
1150 4104 1171 4154 οι“
1184 4104 1227 4169 τῆς
1239 4105 1284 4158 λύ-

693 4195 764 4260 H4
