2880 4882
604 537 840 605 ΎΠΟΘΕΣΙΣ.

186 711 264 764 Μετά
280 707 325 775 τὴν
342 707 427 780 Τροίας
443 703 537 760 άλωσιν
552 700 656 778 ἀραντες
671 706 693 756 οῖ
704 699 824 771 Ἑλληνες
842 701 1049 776 καθωρμίσθησαν
1068 705 1094 757 ίν
1113 706 1145 776 τῇ
1163 703 1293 778 ἀντιπέραν

146 803 282 878 Χερρονήσῳ
291 805 335 870 τῆς
348 802 454 878 Θρᾴκης,
467 795 496 870 ής
509 798 677 873 Πολυμήστωρ
690 793 770 873 ήρχεν·
784 795 845 866 ούδή
857 798 899 852 καί
909 797 1051 872 κενοτάφιον
1061 792 1160 868 έχωσαν
1168 801 1291 870 Ἀχιλλεῖ,

146 906 171 956 έν
184 902 257 974 Τροία
269 898 387 975 παφέντι.
408 898 581 972 διατρίψαντες
593 893 619 952 δὲ
633 899 686 951 ἐκεῖ
695 893 787 970 ἡμέρας
799 892 828 962 δή
841 915 917 960 τινας,
932 897 974 969 ἐφ’
990 889 1008 964 ᾧ
1021 896 1057 948 τά
1070 898 1150 949 αὐτοῖν
1163 889 1189 950 εδ
1206 895 1291 964 διαθή-

147 1019 242 1063 σονται,
258 996 310 1053 ἐπεὶ
328 993 519 1066 ἀναχθήσεσθαι
538 989 651 1065 ἔμελλον,
665 989 744 1067 φανὲν
757 990 785 1046 τδ
799 995 840 1045 τοῦ
853 988 989 1061 Ἀχιλλέως
1000 986 1094 1046 εἴδωλον
1107 990 1146 1046 zar>
1160 997 1202 1046 τοῦ
1213 993 1296 1066 τάφου

146 1092 240 1164 ε’πέσχε
257 1095 311 1157 τοὺς
321 1093 437 1163 Ἀχαιοὺς
453 1092 497 1157 τῆς
514 1090 652 1163 ἀναγωγῆς,
675 1091 757 1142 αίτοῖν
772 1086 846 1161 γέρας
861 1090 928 1158 αὐτῷΙ
948 1089 1041 1156 δοθῆναι
1060 1088 1104 1156 τήν
1121 1089 1201 1144 παῖδα
1214 1089 1295 1162 Πριά-

147 1211 194 1260 μου
206 1185 351 1258 Πολυξένην,
365 1189 409 1258 τήν
421 1188 465 1242 καῖ
474 1185 583 1262 πρθτερον
598 1186 812 1258 κατεγγυηθεῖσαν
832 1188 901 1256 αύτήῖ
920 1184 963 1240 ύτδ
984 1190 1026 1240 τοῖ
1046 1185 1144 1260 πατρδς,
1159 1188 1188 1241 δι’
1205 1181 1233 1253 ήν
1250 1185 1296 1241 καί

147 1285 191 1341 ῖιπδ
212 1289 315 1361 Πάριδος
333 1286 376 1341 καὶ
389 1283 513 1360 Δηιφόβου
532 1279 650 1348 τοξευθεὶς
667 1277 765 1348 ῖλωλεν,
780 1279 822 1336 ίτε
842 1283 889 1346 τάς
909 1283 1001 1354 ἐγγύας
1019 1281 1074 1356 πρδς
1093 1286 1175 1338 τοῦτον
1194 1287 1295 1356 πληρῶν

147 1373 240 1448 έμελλε
254 1378 371 1452 Πρίαμος.
387 1375 507 1446 Ἑλλήνες
519 1375 565 1450 μέν
578 1371 625 1442 οδν,
641 1372 671 1430 ύν
685 1369 710 1430 εύ
724 1371 812 1431 έπαθον
825 1378 864 1430 ὑπ’
878 1380 953 1431 αύτοῖ
964 1375 1108 1448 μεμνημένοι
1121 1376 1164 1431 καῖ
1177 1381 1295 1448 τιμῖντες

148 1473 194 1541 τήν
215 1474 303 1549 ἀρετὴν
326 1481 368 1529 τοῦ
389 1473 477 1548 ἀνδρδς,
491 1475 648 1548 ἐψηφίσαντο
658 1467 759 1548 σφάξαι
772 1471 816 1539 τήν
827 1466 962 1541 Πολυξένην
975 1474 1015 1528 ἐπὶ
1028 1479 1063 1544 τῷ
1076 1476 1151 1548 τάφςι
1162 1479 1203 1528 τοῖ
1216 1472 1293 1547 ήρωος.

149 1563 266 1639 ἔπεμψαν
286 1566 312 1624 δὲ
331 1568 373 1624 τδν
393 1566 502 1642 Λαέρτου
514 1565 642 1622 Ὀδυσσέα
661 1565 716 1640 πρδς
735 1565 779 1633 τήν
798 1565 895 1639 μητέρα
913 1568 989 1634 αύτής
1007 1568 1127 1636 Ἑκάβην,
1152 1571 1182 1632 ὦς
1200 1561 1232 1621 ἀν
1251 1564 1296 1633 τήν

149 1683 180 1714 τε
191 1659 305 1734 παρθένον
317 1663 386 1735 λάβη
400 1661 444 1716 καὶ
457 1671 494 1732 τῷ
505 1661 604 1731 ποικίλῳ
618 1665 666 1716 τῖν
679 1658 764 1732 λύγων,
780 1664 883 1724 τοιοῦτος
894 1660 944 1733 γάρ
956 1653 984 1727 ήν
997 1661 1008 1714 δ
1021 1659 1090 1733 ἀνὴρ,
1105 1661 1177 1733 πείση
1185 1659 1296 1728 Ἑκάβην

149 1754 185 1827 μή
200 1757 318 1830 δυσχερεῖς
330 1763 402 1827 σχεῖν
416 1757 455 1811 ἐπὶ
468 1761 500 1831 τῇ
514 1758 557 1823 τῆς
569 1756 653 1820 παιδδς
665 1750 808 1831 ἀφαιρέσει.
830 1749 904 1809 έλθοδν
916 1748 954 1809 οθν
965 1756 1099 1819 Ὀδυσσεὺς
1116 1753 1160 1821 τήν
1181 1777 1210 1809 τε
1229 1753 1296 1828 κίρην

151 1849 318 1925 συναιρομένην
340 1850 403 1925 εύρεν
424 1856 492 1923 αύτῷ
511 1854 555 1918 τῆς
574 1854 674 1920 σπουδῆς
694 1852 737 1907 καὶ
756 1851 885 1907 πείθουσαν
905 1850 950 1918 τήν
969 1849 1073 1924 μητέρα,
1087 1855 1117 1914 ὥς
1136 1844 1296 1917 τεθνήξεσθαι

150 1949 248 2014 μᾶλλον
264 1948 329 2018 αὐτῇ
351 1946 465 2018 τροσήκον
480 1941 495 2013 ἢ
513 1944 542 2000 πδ
559 1948 601 2014 ζήν
618 1949 675 2019 παρ’
689 1940 772 2009 ἀξίαν.
794 1947 936 2019 σφαγείσης
954 1943 979 2000 δὲ
998 1947 1042 2012 τής
1058 1942 1182 2018 παρθένου,
1199 1945 1297 2014 Ἑκάβη

152 2042 300 2114 θεράπαιναν
322 2044 397 2109 αὐτῆς
424 2038 521 2112 έπεμψε
541 2045 610 2116 παρὰ
637 2044 685 2106 τάς
710 2043 800 2108 ἀκτάς,
822 2045 863 2116 ἐφ’
886 2037 903 2112 ᾧ
924 2042 982 2116 ύδωρ
1004 2043 1094 2097 ἐκεῖθεν
1117 2045 1219 2112 κομίσαι
1244 2043 1299 2117 πρδς

152 2137 247 2212 λουτρδν
268 2134 411 2206 Πολυξένης.
432 2136 483 2212 εύρε
505 2137 531 2194 δὲ
553 2139 690 2212 Πολύδωρον
714 2142 769 2192 ἐκεῖ
784 2139 899 2208 κείμενον·
922 2140 1032 2192 άλοῖσαν
1051 2141 1100 2212 γὰρ
1121 2143 1151 2203 ὥς
1171 2136 1232 2212 έγνοο
1253 2140 1299 2208 τήν

152 2236 239 2308 Τροίαν
252 2232 431 2308 Πολυμήστωρ,
446 2229 550 2310 σφάξας
563 2232 636 2288 αύτδν
649 2229 743 2306 ἔρριψεν
756 2235 790 2295 είς
802 2231 846 2299 τήν
860 2233 1005 2298 θάλασσαν,
1025 2235 1054 2296 ὧς
1069 2227 1098 2286 ἀν
1112 2232 1184 2296 αύτδς
1197 2228 1242 2306 ἔχη
1257 2231 1298 2287 τδν

151 2329 240 2406 χρυσδν
256 2324 282 2383 δν
301 2329 354 2403 πρδς
376 2329 449 2384 αύτδν
469 2331 537 2400 μετά
559 2334 601 2384 τοῦ
621 2328 704 2391 παιδδς
717 2328 853 2401 Πολυδύρου
872 2329 949 2400 πρῴην
963 2329 1072 2403 Πρίαμος
1091 2324 1189 2400 έπεμψε
1207 2329 1297 2402 λάθρα,

152 2426 233 2493 ἐπειδὴ
247 2429 309 2497 ἑάρα
322 2425 350 2480 τδ
358 2423 433 2479 Ἴλιον
445 2424 499 2496 πρδς
511 2425 611 2479 κίνδυνον
623 2419 666 2490 ήδη
679 2428 774 2496 χωροῦν.
797 2416 825 2489 ήν
843 2421 869 2477 δέ
884 2425 895 2476 δ
911 2423 997 2497 χρυσδς
1014 2421 1078 2489 οὗτος
1090 2427 1163 2487 πολδς
1175 2421 1243 2497 ἀγαν
1255 2424 1300 2478 καῖ

154 2519 232 2583 έκανδς
243 2520 346 2594 ἀρθεῖσαι
360 2519 404 2574 καὶ
417 2513 485 2582 αὖθις
497 2518 525 2573 τδ
538 2517 604 2591 γένος
616 2522 657 2572 ποῖ
672 2519 791 2590 Πριάμου.
817 2522 846 2581 ὥς
859 2512 896 2573 οῖον
909 2524 991 2573 τοῦτον
1006 2515 1069 2593 εύρεν
1083 2518 1097 2587 ή
1112 2520 1181 2587 δούλη
1194 2522 1300 2590 κείμενον

154 2619 193 2670 ἐπ’
207 2619 307 2682 ἀκταῖς,
325 2613 455 2687 ἀνελομένη
473 2615 517 2670 καὶ
530 2621 565 2685 τῷ
577 2613 662 2684 πέπλῳ
676 2610 794 2678 εῖλίξασα
807 2614 899 2686 κομίζει
912 2614 966 2687 πρδς
978 2615 1023 2683 τήν
1035 2616 1153 2684 Ἑκάβην.
1175 2615 1218 2670 καὶ
1231 2611 1246 2683 ἢ
1259 2615 1300 2670 τδν

155 2713 199 2778 τῆς
212 2707 346 2780 Πολυξένης
358 2712 444 2786 νεκρδν,
458 2712 510 2786 πρὶν
524 2713 708 2786 έκκεκαλύφθαι
722 2716 813 2775 τοῦτον,
828 2705 889 2766 εἶναι
903 2710 1039 2783 νομίσασα,
1050 2711 1130 2779 ἐπειδὴ
1143 2707 1203 2785 έγνω
1218 2715 1300 2767 Πολύ-

155 2809 233 2881 δωρον,
247 2809 337 2872 ἀθλίως
349 2830 377 2862 τε
391 2803 452 2878 έσχε
466 2808 510 2862 καὶ
523 2805 583 2871 ὅπως
599 2812 730 2878 ἀμυνεῖται
749 2807 931 2880 Πολυμήστορα
943 2813 1091 2879 μηχανᾶται
1105 2806 1199 2863 τοιάνδε·
1220 2829 1301 2862 κοινω-

154 2903 251 2975 σαμένη
264 2902 372 2978 πρέτερον
385 2902 429 2970 τήν
442 2903 493 2975 περὶ
507 2905 592 2958 τούτου
605 2903 702 2976 γνάμην
715 2902 890 2975 Ἀγαμέμνονι,
909 2901 999 2973 πέμπει
1017 2903 1062 2971 τήν
1076 2906 1152 2971 αύτής
1171 2906 1253 2972 δούλην
1271 2907 1301 2968 ύς

155 2997 344 3071 Πολυμήστορα,
364 2993 437 3051 αύτύν
455 3019 485 3051 τε
502 2997 545 3050 καὶ
558 2999 594 3051 τά
607 2995 682 3051 τέκνα
695 2996 749 3070 πρδς
763 2996 852 3064 ἑαυτήν
864 2997 1067 3070 μετακαλουμένη
1079 3001 1136 3073 περί
1146 3022 1206 3064 τινος
1219 3004 1301 3072 ἀνακρ-

155 3098 224 3151 καίου
243 3094 297 3167 πρδς
316 3094 389 3148 αὐτὸν
409 3094 583 3149 κοινώσασθαι.
605 3088 671 3156 οὗτος
689 3092 734 3164 μὲν
755 3087 792 3147 σίν
815 3097 905 3166 ἀγνοῶν
923 3092 960 3149 ὅτι
975 3097 1109 3169 Πολύδωρος
1122 3097 1219 3170 εὕρηται
1232 3099 1301 3170 παρὰ

156 3193 204 3255 τάς
216 3191 307 3255 ἀκτὰς,
321 3189 363 3242 καῖ
377 3186 434 3259 άμα
447 3187 492 3242 καί
504 3210 570 3242 τισιν
588 3187 732 3251 ὑποκλαοτεῖς
744 3189 813 3258 μετά
825 3193 874 3241 τοῖν
886 3189 976 3244 παίδων
989 3189 1043 3263 πρδς
1056 3190 1131 3256 αύτδην
1145 3195 1299 3266 ἀφικνεῖται.

155 3287 254 3353 Ἑκάβη
268 3283 293 3340 δὲ
306 3285 360 3358 πρδς
372 3284 446 3339 αὐτδν
458 3286 541 3339 τούτου
554 3284 626 3356 χάριν
639 3279 687 3357 ἔφη
700 3281 853 3351 κεκληκέναι,
868 3284 908 3337 ἵνα
920 3289 1009 3356 χρυσοῖ
1023 3286 1152 3358 θησαυροὺς
1164 3286 1300 3358 κεκρυμμέ-

156 3404 204 3444 νους
214 3385 252 3434 ὑπ’
266 3382 342 3446 αὐτῆς
354 3385 378 3434 ἐν
391 3382 458 3450 Ἰλίῳ
471 3383 575 3454 μηνύση.
604 3380 700 3450 εἰσάγει
714 3376 738 3433 δέ
759 3378 859 3445 καὶτῆς
877 3381 963 3447 σκηνής
982 3377 1046 3434 ένδον
1058 3384 1159 3435 εἰποῦσα
1174 3386 1203 3445 ὣς
1213 3378 1245 3435 ἀν
1258 3383 1301 3437 καὶ

156 3474 216 3549 ἕτερ’
230 3472 303 3528 ἄττα
324 3479 392 3545 αὐτῷ
411 3476 482 3529 δύσει
502 3473 632 3547 χρήματα,
646 3476 700 3544 μεθ’
717 3471 748 3528 κδν
769 3469 855 3541 ἐξήλθε
877 3476 918 3540 τῆς
934 3477 1027 3548 Τροίας.
1050 3473 1177 3549 ἐκέκρυπτο
1199 3473 1224 3530 δὲ
1242 3472 1300 3530 εἴσω

156 3578 271 3635 πλεῖστος
283 3575 401 3642 γυναικῶν
413 3563 492 3639 θχλος·
508 3572 552 3624 σδν
566 3565 606 3632 αῖς
618 3575 701 3624 τοῦτον
714 3569 859 3625 εῖσελθύντα
867 3571 964 3638 Ἑκάβη
973 3572 1107 3645 θφθαλμῶν
1120 3594 1149 3626 τε
1163 3577 1249 3645 στερεῖ
1258 3571 1302 3626 καδ

157 3669 193 3720 τά
210 3664 285 3720 τέκνα
305 3667 380 3718 αὐτοῦ
400 3663 570 3737 ἀποσφάττει.
591 3664 736 3726 δικάσαντος
753 3661 779 3718 δὲ
792 3666 878 3726 αὐτοὺς
891 3669 934 3717 ποῖ
947 3660 1124 3734 Ἀγαμέμνονος
1137 3664 1244 3738 ὕστερον,
1259 3663 1303 3718 καῖ

157 3769 198 3819 ποῖ
213 3760 396 3833 Πολυμήστορος
408 3762 490 3813 πολλά
503 3759 555 3833 περὶ
568 3767 612 3826 τῆς
625 3768 728 3834 σφαγῆς
740 3760 876 3832 Πολυδάρου
891 3757 1100 3830 διαπλασαμένου,
1114 3760 1211 3828 Ἑκάβη
1224 3781 1303 3835 περιε-

156 3861 238 3934 γένετο
254 3852 384 3929 ἐλέγξοντα
402 3855 476 3910 αύτδν
491 3859 520 3919 ὣς
533 3860 575 3910 τοῦ
588 3860 677 3929 χρυσοῖ
690 3857 761 3929 χάριν
773 3855 816 3910 καὶ
830 3859 873 3925 οὐχ
887 3851 918 3908 «su
930 3851 1049 3927 προύτεινε
1063 3855 1104 3910 τδν
1117 3857 1197 3911 παῖδα
1210 3859 1302 3920 ἀνεῖλε,

157 3958 291 4030 σύμψηφον
304 3958 405 4035 σχοῦσα
418 3951 462 4006 καὶ
471 3953 656 4024 Ἀγαμέμνονα.

196 4053 229 4105 Ἦ
244 4048 289 4122 μέν
302 4049 376 4117 σκηνή
390 4054 431 4103 τοῖ
445 4051 568 4121 δράματος
580 4046 705 4103 ύτθκειται
717 4052 741 4102 ἐν
754 4058 788 4123 τῇ
800 4045 931 4122 ἀντιπέραν
942 4048 984 4113 τῆς
993 4045 1090 4120 Θρηίκης
1098 4047 1243 4120 Χερρονήσῳ.
1257 4049 1269 4101 θ
1280 4046 1305 4102 δὲ

158 4147 223 4221 χορδς
236 4146 381 4213 συνέστηκεν
392 4150 419 4200 ἐκ
428 4151 546 4218 γυναικοῖν
560 4146 752 4216 αἰχμαλωτίδων
759 4145 876 4218 Τρῳάδων
891 4147 1107 4214 συμμαχησουσύν
1120 4151 1152 4217 τῇ
1163 4144 1270 4216 Ἑκάβη.

708 4245 768 4308 Β3
