2880 4882
588 250 765 340 [105]

108 432 159 483 πόν
171 431 212 483 ὑπ’
225 429 302 496 αδτῆς
314 424 448 500 λεγομένοιν
461 431 584 498 χρησμάν.
605 427 719 501 ἐπήγαγε
732 420 758 483 δέ
771 429 864 496 ταύτην
874 423 968 502 δ”λρης
978 430 1107 498 Θηβαίοις,
1116 431 1261 506 ἀμυνόμενος

109 526 198 589 αύτοδς
208 526 250 580 διά
265 524 306 580 τδν
319 530 362 579 τοῦ
375 522 459 587 παιδδς
471 525 594 596 δράκοντος
606 523 684 600 φόνον,
696 519 721 578 δν
739 527 750 579 ό
769 526 866 596 Κάδμος
885 529 970 582 ἀνεῖλε
983 528 1026 582 καέ
1040 529 1093 594 τοδς
1105 527 1201 596 ἐδόντας
1213 535 1258 586 αύ·

109 625 153 675 τοῦ
165 616 282 694 ἔσπειρεν,
296 615 324 684 ἐξ
342 615 373 673 ἀν
393 620 553 693 ἀνεφάνησαν
574 623 596 673 οί
609 620 734 693 Γίγαντες.
756 614 784 688 ήν
805 618 830 675 δέ
850 619 922 696 τέρας
939 620 954 690 ή
969 619 1053 698 Σφὶγξ
1073 624 1194 700 πρόσωπον
1213 623 1260 698 μέν

111 711 208 786 ἔχουσα
220 715 343 791 παρθένου,
353 717 441 782 στήθος
454 713 479 770 δέ
492 716 535 770 καί
549 721 634 790 χεῒρας
647 716 690 771 καί
703 715 778 782 πόδας
791 717 833 772 καὶ
846 713 933 790 ’όνυχας
947 719 1048 788 λέοντος,
1058 723 1154 796 ούραίαν
1164 720 1190 779 δέ
1200 726 1257 797 δρά-

110 834 198 878 κοντος,
218 815 298 887 πτερὰ
317 810 341 866 δέ
356 806 449 884 όρνιθος,
465 813 494 864 δι’
508 807 538 865 όν
552 812 651 866 ἵπτατο.
673 807 747 882 έτυχε
762 809 787 866 δέ
801 817 870 867 τοῦτο
884 815 987 868 είτοῧσα
999 814 1092 872 τοιοῦτό
1104 839 1129 871 τι
1142 821 1193 885 τοῖς
1203 822 1255 885 Θη-

109 907 191 976 βαίοις
199 906 257 963 τότε
268 903 382 979 αίνιγμα,
397 909 427 969 ὦς
438 907 621 974 Ἀσκληπιάδης
633 908 783 981 ἀναγράφει,

314 997 370 1056 ἐστι
384 1001 460 1055 δίπουν
474 1000 513 1054 ἐπὶ
526 1003 571 1072 γ’ής
584 1001 627 1056 καὶ
642 1004 770 1076 τετράπον,
785 999 810 1057 ού
823 1004 872 1073 μία
884 1002 960 1077 φωνή,

312 1096 354 1152 καί
369 1098 456 1168 τρίπον·
477 1097 606 1150 ἀλλάσσει
621 1094 645 1151 δὲ
660 1096 723 1170 φυήν
735 1096 812 1168 μόνον,
828 1095 882 1152 θσσ’
897 1098 937 1153 ἐπὶ
949 1105 1027 1173 γαῖαν

315 1194 406 1268 έρπετά
419 1197 521 1246 κινεῖται
535 1196 586 1247 ἀνά
600 1197 623 1246 τ’
634 1192 721 1266 αἰθέρα
734 1193 777 1247 καὶ
790 1197 860 1249 κατά
872 1194 963 1251 πόντον.

315 1294 375 1346 ἀλλ’
389 1288 478 1344 όπόταν
491 1288 634 1345 πλεόνεσσιν
648 1288 789 1364 ἐρειδόμενον
800 1291 857 1346 ποσὶ
870 1292 953 1366 βαίνῃ,

313 1382 372 1441 ἔνθα
382 1386 451 1458 μένος
463 1386 564 1458 γυίοισιν
576 1385 739 1460 ἀφαυρότερον
751 1385 819 1442 πέλει
834 1391 917 1442 αύτοῒι·

108 1485 179 1560 οὗπερ
193 1484 349 1560 ἀγνοουμένου
361 1479 457 1558 ἐκήρυξε
472 1483 549 1557 Κρέων
561 1485 572 1537 ό
587 1483 693 1558 ἀδελφός
706 1485 835 1550 Ἰοκάστης
848 1485 891 1551 τῆς
906 1484 1068 1553 βασιλίσσης,
1083 1490 1120 1552 ὦς,
1134 1484 1201 1552 θστις
1214 1489 1255 1543 εύ-

109 1608 143 1659 ροι
163 1584 192 1639 τδ
214 1580 330 1655 αίνιγμα,
344 1584 421 1650 τούτῳ
435 1583 554 1648 συνάψειν
567 1578 612 1647 τήν
625 1578 746 1654 ἀδελφήν.
777 1579 885 1643 Οἰδίπους
898 1577 932 1645 δέ,
948 1583 977 1642 ὡς
990 1575 1092 1654 ἔφημεν,
1106 1582 1194 1655 διάγων
1206 1587 1260 1638 ἐκεῖ

108 1678 178 1745 τότε,
192 1682 302 1743 ἀκούσας
314 1681 349 1733 τά
366 1679 517 1750 κηρύγματα
536 1678 589 1730 λύει
605 1698 634 1729 τε
653 1674 680 1729 τδ
697 1671 803 1747 α’ίνιγμα
815 1676 859 1742 τῆς
872 1673 981 1748 Σφιγγδς
994 1674 1036 1730 καὶ
1049 1676 1094 1744 τὴν
1105 1676 1200 1752 μητέρα
1214 1684 1254 1735 ούκ

109 1772 175 1840 είδάς
188 1780 221 1840 είς
230 1780 337 1848 γυναῖκα
350 1773 487 1845 λαμβάνει.
509 1768 582 1827 ἐλυσε
597 1769 622 1827 δέ
637 1773 719 1837 ούτως,
732 1768 760 1834 όίς
773 1780 848 1847 φασι·

312 1871 382 1926 κλῦθι
394 1869 437 1923 καί
451 1873 491 1923 ούκ
505 1867 636 1932 ἐθέλουσα,
651 1865 783 1939 κακόπτερε
797 1871 889 1921 Μοθσα
902 1863 1027 1932 θανόντοιν,

312 1967 391 2040 φωνής
403 1962 529 2038 ἡμετέρης,
544 1962 587 2019 σδν
599 1961 669 2026 τέλος
681 1964 833 2033 ἀμπλακίης.

312 2059 430 2136 άνθροπον
442 2056 591 2125 κατέλεξας,
604 2053 629 2124 δς
641 2058 712 2126 ήνίκα
725 2063 802 2131 γαῖαν
816 2054 923 2132 ἐφέρπει,

312 2164 401 2232 πρῶτον
416 2153 463 2233 ἐφυ
477 2159 609 2231 τετράπους
622 2155 699 2224 νήπιος
712 2160 740 2210 ἐκ
753 2153 870 2228 λαγόνων·

312 2254 428 2328 γηραλέος
442 2251 467 2308 δέ
480 2252 558 2309 πέλων
571 2253 686 2326 τρίτατον
706 2249 768 2307 πόδα
781 2251 887 2325 βάκτρον
895 2252 988 2324 ἐρείδει,

312 2347 407 2418 αὐχένα
420 2346 546 2422 φορτίζων,
555 2346 630 2419 γήραϊ
642 2345 818 2418 καμπτόμενος.

109 2449 244 2505 ἀκούσασα
257 2443 282 2501 δέ
295 2445 339 2513 τήν
352 2448 422 2500 λύσιν
436 2443 451 2512 ή
465 2439 550 2518 Σφὶγξ
563 2443 651 2510 ἑαυτήν
665 2448 762 2517 ἀναιρεῖ
770 2447 923 2518 παραχρῆμα
934 2446 1033 2519 ῥίψασα
1047 2453 1089 2502 τοῦ
1102 2448 1176 2525 ἀέρος,
1211 2456 1256 2507 Οἷ-

110 2547 188 2610 δίπους
200 2543 225 2601 δέ
240 2541 313 2599 συνοδν
324 2543 435 2616 τῇμητρδ
447 2541 490 2596 καί
498 2543 589 2604 παῖδας
600 2536 628 2605 ἐξ
635 2543 710 2608 αὐτῆς
723 2542 807 2615 φύσας
814 2540 950 2617 τέσσαρας,
959 2541 1058 2618 ἄρρενας
1070 2543 1116 2617 μέν
1123 2550 1256 2607 Ἐτεοκλέα

110 2643 154 2700 καὶ
165 2645 317 2709 Πολυνείκην,
325 2643 423 2708 θηλείας
431 2636 456 2695 δέ
464 2635 610 2708 Ἀντιγόνην,
620 2638 663 2692 καὶ
671 2637 794 2709 Ἰσμήνην,
804 2642 833 2702 ὡς
841 2634 901 2711 ἐγνω
911 2639 939 2694 τδ
949 2639 1054 2711 μίασμα
1062 2642 1168 2716 ὕστερον,
1178 2647 1256 2723 ἐτύφ-

110 2751 190 2796 λωσεν
203 2739 297 2794 ἔαυτόν.
336 2737 464 2803 Ἐτεοκλῆς
480 2732 506 2790 δέ
520 2735 562 2789 καὶ
577 2737 727 2802 Πολυνείκης,
744 2734 852 2800 θέλοντές
863 2759 911 2800 ποις
924 2738 1049 2810 ἀφανίσαι
1063 2738 1091 2794 τδ
1103 2734 1192 2806 θνειδος,
1208 2765 1257 2797 κα·

110 2837 263 2893 τακλείουσιν
283 2833 357 2889 αὐτόν
377 2836 402 2888 ἐν
422 2833 528 2901 οέκίσκρι,
543 2832 570 2885 ἵν’
585 2831 628 2885 ύπδ
648 2832 745 2902 μηδενδς
765 2834 913 2906 θεωρούμενος
933 2837 965 2897 είς
986 2833 1059 2902 λήθην
1080 2832 1130 2904 ἥξοι
1149 2837 1177 2892 τδ
1197 2837 1256 2894 κατ’

110 2934 205 2989 ἐκείνου.
226 2930 269 2986 καί
281 2925 306 2996 δς
318 2935 388 2984 τοῦτο
402 2927 576 3003 ὑπεραλγήσας
589 2933 683 3002 ἀράται
697 2929 787 2993 τούτοις
800 2928 844 2996 τὴν
857 2930 993 2998 βασιλείαν
1006 2930 1092 3005 σιδήρςι
1104 2936 1214 3007 μερίσαι.
1237 2943 1260 2994 οἱ

111 3023 198 3090 δέτάς
213 3031 255 3080 τοῦ
272 3022 361 3098 πατρδς
378 3024 440 3098 ἀρὰς
452 3020 563 3086 ,δεδιότες
578 3029 740 3093 μηχανῶνται
754 3023 850 3079 τοιόνδε·
880 3019 985 3094 έχεσθαι
999 3026 1043 3091 τῆς
1055 3028 1131 3098 ἀρχῆς
1144 3025 1187 3083 ἕνα
1199 3039 1257 3107 παρ’

110 3120 155 3178 ἕνα
168 3122 211 3177 καὶ
224 3125 317 3189 ταύτης
329 3125 481 3194 παραχωρεῖν
495 3118 587 3192 θατέρῳ
602 3122 709 3193 θάτερον.
738 3122 749 3174 ό
762 3121 838 3175 τοίνυν
851 3125 981 3189 Ἐτεοκλής
998 3119 1046 3176 άτε
1066 3129 1155 3196 πρῶτος
1167 3120 1196 3180 ἀν
1209 3133 1258 3183 τῶν

109 3221 224 3292 ἀδελφῢν
246 3218 288 3272 καδ
305 3222 394 3289 πρῶτος
413 3218 456 3282 τῆς
475 3218 552 3289 ἀρχῆς
571 3215 663 3284 ἥψατο,
680 3217 822 3284 Πολυνείκης
840 3216 866 3272 δὲ
884 3219 1032 3291 ἐπεχείρησε,
1047 3219 1091 3273 καδ
1101 3222 1258 3290 τελεσθέντος

108 3320 217 3371 ἐνιαυτοῦ
237 3315 341 3390 ἀφίκετο
354 3312 408 3386 πρδς
420 3312 461 3367 τδν
479 3311 593 3388 ἀδελφδν,
609 3317 684 3367 αι’τῶν
696 3313 740 3367 καὶ
753 3312 825 3377 αέτδς
838 3309 918 3386 άρξειν
934 3311 1049 3368 ἐνιαυτόν.
1086 3319 1215 3385 Ἐτεοκλής
1231 3317 1257 3375 δὲ

109 3410 164 3468 ούτε
178 3407 267 3479 ἐξέστη
280 3413 323 3478 τῆς
334 3412 410 3486 ἀρχῆς
422 3409 465 3464 καί
478 3407 566 3481 ἀτιμον
579 3410 620 3465 τδν
633 3410 740 3484 ἀδελφόν
752 3410 908 3482 ἀπέπεμψεν.
927 3404 952 3474 δς
964 3411 1008 3465 καὶ
1022 3413 1172 3484 πλανεόμενος
1184 3405 1257 3482 ήλθεν

110 3514 144 3574 είς
152 3504 248 3583 Ἄργος,
262 3508 305 3564 καὶ
325 3508 369 3575 τήν
390 3513 431 3562 τοῦ
452 3506 577 3576 βασιλέως
591 3508 726 3582 Ἀδράστου
740 3505 825 3575 λαβῶν
840 3505 964 3581 θυγατέρα
981 3507 1057 3562 πείθει
1076 3507 1117 3564 τδν
1135 3512 1255 3581 κηδεστήν

110 3607 266 3680 συνάρασθαι
277 3607 354 3675 τούτῳ
366 3606 421 3678 πρδς
433 3604 478 3672 τήν
491 3606 535 3671 τῆς
547 3605 683 3673 βασιλείας
695 3605 828 3671 ἀνάληψιν.
849 3604 892 3657 καὶ
905 3605 1023 3673 πλείστην
1035 3602 1093 3673 όσην
1102 3607 1256 3681 παραλαβθν

110 3705 235 3780 στρατιάν
253 3704 425 3775 ἐπιστρατεύει
443 3710 480 3777 τῷ
498 3703 608 3776 ἀδελφῷ.
641 3698 701 3765 όποις
713 3698 739 3755 δὲ
753 3699 767 3767 ή
781 3699 859 3774 μήτηρ
874 3701 993 3757 ἐθέλουσα
1007 3702 1048 3776 πρδ
1063 3705 1104 3769 τῆς
1117 3707 1257 3773 συμπλοκῆς

108 3799 246 3868 διαλλάξαι
260 3804 312 3865 τοδς
324 3801 416 3864 παῖδας
425 3797 488 3855 οὐδὲν
501 3795 600 3869 ίσχυσε,
615 3798 659 3853 καὶ
673 3802 701 3861 όις
709 3793 798 3871 έχρησε
810 3799 944 3872 Τειρεσίας,
959 3802 982 3853 εέ
994 3801 1005 3853 ό
1020 3800 1131 3874 Κρέοντος
1144 3802 1190 3866 υίδς
1202 3811 1256 3861 Mc.

107 3902 197 3963 νοικεδς
217 3899 297 3955 ἀνέλοι
310 3895 396 3952 ἐαυτδν
414 3894 453 3950 ἐπὶ
471 3893 513 3949 τδν
531 3899 572 3949 τοῦ
592 3895 715 3968 δράκοντος
731 3891 834 3967 φωλεδν,
854 3891 984 3965 κρατήσειν
996 3894 1109 3966 Ἀργείων
1122 3896 1253 3964 Θηβαίους,

107 3998 152 4055 καὶ
165 4001 195 4060 ἐις
207 3994 291 4070 γέγονε
301 3998 394 4058 ταῦτα,
405 3992 448 4048 καὶ
458 3995 480 4045 οί
486 3996 534 4046 τῶν
541 3991 654 4064 Ἀργείων
662 3987 776 4062 ήγεμόνες
784 3990 928 4043 πεπτύκασι
939 3990 1029 4052 πάντες
1039 3988 1101 4057 πλὴν
1108 3992 1253 4064 Ἀδράστου,

107 4094 152 4150 καὶ
165 4098 196 4156 ἀς
207 4091 427 4164 μονομαχήσαντες
439 4088 493 4164 πρδς
506 4087 628 4156 ἀλλήλους
640 4087 770 4153 Ἐτεοκλής
782 4085 824 4140 καὶ
833 4081 976 4152 Πολυνείκης
989 4088 1027 4139 ὑπ’
1036 4084 1151 4152 ἀλλήλοιν
1163 4090 1254 4145 ἑκάτε-

105 4184 309 4264 ροιάνηρέθησαν,
324 4184 366 4240 καὶ
380 4188 409 4249 ὣς
422 4185 529 4239 ἐλθοῦσα
541 4180 596 4256 πρδς
608 4183 695 4246 αὐτοὺς
707 4181 825 4248 Ἰοκάστη
842 4180 885 4235 καὶ
903 4178 1048 4249 τεθνηκότας
1063 4183 1164 4253 εὑροῦσα
1178 4204 1253 4237 συνα-
