2880 4882
599 261 757 347 [47]

143 559 210 631 Ὀτε
224 560 294 612 κατά
307 561 356 611 τῶν
369 558 452 630 Τρύων
470 554 484 624 ἡ
503 559 598 622 Ἑλλὰς
613 555 729 631 ύρμησεν,
743 556 905 630 Ἀγαμέμνων
926 559 1065 634 στρατηγδς
1081 559 1151 634 ᾑρέθη
1170 562 1259 625 παντὸς

107 659 152 708 τοῖι
163 652 264 717 στολου,
277 648 325 705 εἴτε
344 655 393 704 τῶν
410 647 492 704 ἄλλων
510 649 617 724 προέχειν
631 653 702 706 δοκῶν
718 654 794 724 ἀρχῆς
806 674 834 705 τε
848 652 948 725 μεγέθει
962 655 1006 710 καῖ
1019 655 1106 722 πλήθει
1120 661 1182 711 νεῶν·
1198 660 1257 712 ε’κα-

107 749 151 803 τδν
164 751 214 822 γάρ
228 754 285 812 ναῖς
298 751 332 812 είς
345 746 389 814 τῆν
402 751 443 801 τοῶ
457 744 546 801 στύλον
558 747 702 801 συντέλειαν
715 746 835 821 είσέφερε.
857 747 900 801 καῖ
911 744 936 812 δς
948 748 1045 820 μέλλων
1058 753 1199 823 ἀνάγεσθαι
1210 775 1258 807 κα·

108 846 225 900 ταλείπει
246 848 294 898 τῶν
314 839 369 897 οἴκοι
389 844 543 916 πραγμάτων
561 846 636 897 αύτοῖι
652 842 799 914 ε’πιμελητῆν
813 843 855 896 καῖ
868 847 1009 917 προστάτην
1022 842 1145 918 Αἴγισθον.
1167 847 1219 902 ε’πεῖ
1232 845 1257 903 δέ

107 944 181 1004 πολὺς
194 941 278 1007 ῆνύετο
292 938 370 1012 χρίνος
382 938 425 993 καῖ
438 937 600 1010 Ἀγαμέμνων
613 935 691 994 οὐκέτ’
705 938 813 1011 έπανήει,
829 935 869 994 οἴα
882 940 909 1007 δὴ
923 943 1005 995 πολλά
1022 943 1128 1014 γίνεται,
1143 945 1259 1010 συνῆλθεν

109 1035 226 1108 ἀθέσμοις
238 1031 353 1107 Αἴγισθος
371 1032 581 1108 Κλυταιμνήστρα
601 1044 635 1108 τῇ
646 1041 687 1089 τοῶ
701 1034 879 1108 Ἀγαμέμνονος
890 1037 995 1108 γυναικί.
1017 1036 1136 1107 μαθθντες
1150 1037 1174 1094 δὲ
1190 1045 1257 1093 Κλυ-

109 1131 269 1205 ταιμνήστρα
281 1131 323 1186 m>
336 1128 448 1203 Αἴγισθος
462 1129 506 1198 τήν
520 1154 548 1186 τε
561 1132 646 1205 Τροίαν
660 1134 769 1185 ἀλοῦσαν
782 1130 825 1184 καῖ
839 1131 1014 1204 Ἀγαμέμνονα
1025 1139 1092 1204 μετὰ
1111 1141 1159 1189 τῶν
1173 1124 1259 1189 ’ἀλλων

109 1225 189 1283 οῖκαδε
204 1228 321 1293 πλέοντα,
335 1227 490 1295 βουλεύονται
504 1233 586 1282 τοῶτον
600 1229 644 1294 τῆς
656 1228 730 1291 οίκίας
743 1227 914 1298 ἐπειλημμένον
931 1232 1079 1295 ἀποκτενεῖν,
1095 1231 1135 1284 ἴνα
1154 1230 1189 1303 μῆ
1205 1232 1258 1285 τού-

109 1346 145 1393 τςν
158 1321 305 1396 γνωσθέντος
317 1331 360 1378 τοῶ
370 1329 441 1397 σφῶν
454 1326 628 1397 πονηρεύματος
640 1326 709 1379 αὐτοὶ
723 1325 877 1398 παραδοθεῖεν
892 1325 1000 1396 θανάτῳ·
1018 1320 1031 1379 6
1051 1326 1078 1393 δῆ
1097 1327 1139 1380 καῖ
1157 1322 1257 1393 ἤνυσαν.

109 1420 153 1475 καῖ
173 1419 340 1474 ἐτανελθύντα
360 1420 400 1475 τδν
420 1419 592 1492 Ἀγαμέμνονα
613 1423 790 1477 ἀποκτείνουσι·
808 1426 901 1492 χιτῶνα
914 1424 963 1496 γάρ
976 1423 1011 1494 μῆ
1025 1419 1137 1487 διεξόδους
1149 1426 1259 1499 κεφαλῆς

109 1516 153 1570 καὶ
167 1519 250 1588 χειρῶν
264 1510 353 1585 ἔχοντα
370 1517 439 1586 μετά
453 1515 481 1569 τδ
500 1513 594 1588 λουτρδν
607 1516 769 1570 ένδιδύσκουσι
784 1515 826 1569 καῖ
839 1518 864 1569 έν
877 1521 912 1586 τρῖ
924 1515 1020 1570 πελέκει
1034 1522 1116 1571 τοῶτον
1126 1519 1257 1592 φονεύουσι.

109 1607 208 1684 μεταξὺ
220 1617 277 1685 γνῶν
291 1618 332 1667 ποῶ
346 1612 548 1684 Ἀγαμεμνονείου
561 1609 632 1687 φύνου
644 1610 771 1684 Ἠλέκτρα
792 1610 833 1665 τδν
851 1612 958 1686 ἀδελφδν
971 1613 1099 1687 Ὀρέστην,
1114 1614 1153 1668 ἵνα
1166 1613 1202 1685 μῆ
1215 1614 1258 1669 καῖ

109 1707 176 1773 οὗτος
194 1710 338 1782 ἀναιρεθείη,
356 1707 480 1775 κλέψασα
498 1708 544 1764 καί
557 1730 603 1762 τινι
620 1710 696 1762 δοῦσα
712 1711 862 1782 παιδαγωγῷ
885 1713 918 1777 είς
942 1709 1041 1765 Φωκίδα
1057 1713 1126 1784 παρὰ
1139 1709 1259 1785 Στρίφιον

110 1806 213 1877 πέμπει,
227 1807 301 1877 φίλον
313 1804 355 1858 καῖ
369 1806 476 1876 συγγενῆ
490 1810 531 1858 τοῶ
548 1804 638 1879 τατρδς
655 1808 731 1872 αὐτῆς
747 1808 914 1878 τυγχάνοντα.
956 1804 1073 1880 Ὀρέστης
1088 1805 1112 1862 δὲ
1127 1811 1160 1871 είς
1173 1804 1259 1881 ἀνδρας

108 1901 179 1969 ἥκων,
203 1898 357 1973 παραλαβῶν
377 1903 493 1968 Πυλάδην
511 1901 552 1955 τδν
572 1903 653 1956 παῖδα
672 1902 797 1977 Στροφίου,
811 1906 851 1977 ἐφ’
875 1899 892 1972 φ
913 1907 969 1974 μετ’
992 1904 1066 1957 αύτοῶ
1081 1900 1195 1975 Αἴγισθον
1215 1903 1258 1958 καὶ

110 1993 335 2070 Κλυταιμνήστραν
353 1995 529 2070 τιμωρήσαιτο,
548 1999 745 2070 καταλαμβάνει
765 2001 846 2071 λάθρα
860 1995 993 2072 τδῖΑργος.
1013 1999 1056 2054 καῖ
1070 2000 1178 2073 χρησμδν
1191 2001 1259 2073 παρά

108 2100 152 2148 ποῶ
165 2095 254 2148 Πυθίου
264 2088 391 2165 δεξάμενος
402 2099 473 2148 τοῶτο
482 2099 562 2158 ποιεῖν,
582 2099 671 2169 πρῶτον
683 2093 729 2166 μὲν
742 2090 841 2169 έρχεται
851 2096 905 2170 πρδς
914 2095 955 2150 τδν
968 2101 1011 2150 ποῶ
1024 2100 1113 2169 πατρὸς
1122 2098 1202 2171 τάφον
1216 2095 1259 2150 καὶ

109 2192 168 2256 θύει,
182 2184 240 2245 εἴτά
252 2212 278 2243 τι
292 2196 439 2261 μηχανᾶται
450 2188 544 2246 τοιάνδε·
566 2190 607 2245 τδν
619 2192 667 2265 γὰρ
681 2191 845 2264 παιδαγυγδν,
863 2189 880 2262 ηδ
893 2193 961 2265 παρὰ
974 2193 1018 2259 τῆς
1026 2190 1165 2265 Ἠλέκτρας
1176 2193 1258 2246 πάλαι

108 2286 247 2350 πιστευθεὶς
258 2279 323 2353 ῆκεν,
336 2290 366 2350 ῶς
378 2283 481 2361 ἔφημεν,
496 2290 529 2350 εἷς
542 2286 586 2354 τῆν
600 2289 707 2352 Φωκίδα,
722 2294 806 2344 τοῶτον
814 2286 946 2362 προπέμπει
960 2292 993 2350 εἴς
1005 2283 1119 2360 Αῖγισθον
1132 2288 1175 2342 καῖ
1190 2295 1259 2344 Κλυ-

108 2382 281 2455 ταιμνήστραν
300 2380 406 2455 λέγοντα
425 2386 456 2446 ῶς
473 2381 592 2457 Ὀρέστης
615 2388 639 2438 έν
653 2386 765 2449 Πυθικοῖς
777 2383 860 2449 ἀθλοις
876 2385 976 2459 ἀνῃρέθη
999 2386 1041 2440 καῖ
1065 2391 1103 2440 νῶν
1126 2381 1206 2459 ἀνδρες
1225 2387 1261 2440 τά

109 2479 194 2532 τούτου
212 2478 277 2531 θστῶ
299 2481 324 2532 έν
341 2478 446 2548 κιβωτίῳ
465 2481 611 2550 κομίζουσιν,
634 2480 674 2534 ἴνα
694 2479 808 2554 πατρῴων
831 2486 887 2552 γοῶν
915 2483 1002 2555 τάφων
1029 2483 1102 2554 τύχη.
1136 2479 1259 2551 ὑπαχθέν-

109 2594 151 2636 τες
163 2569 190 2627 δέ
203 2580 236 2646 τῇ
247 2576 349 2647 τοιαύτη
369 2577 457 2647 ἀπάτῃ
477 2573 687 2648 Κλυταιμνήστρα
706 2576 749 2630 καῖ
767 2572 891 2649 Αἴγισθος,
909 2577 948 2631 ίνα
967 2577 1001 2648 μῆ
1021 2583 1172 2650 μακρολογῶ,
1187 2581 1258 2632 ἀναι-

109 2674 204 2742 ροῶνται
214 2671 257 2722 616
270 2669 387 2743 Ὀρέστου
400 2670 444 2724 καῖ
459 2672 584 2736 Πυλάδου,
599 2673 678 2745 πρύτη
692 2670 738 2744 μὲν
753 2673 972 2747 Κλυταιμνήστρα,
987 2675 1083 2747 ὕστερος
1096 2671 1121 2729 δὲ
1134 2670 1257 2745 Αἴγισθος.

110 2767 308 2837 μητροκτονήσας
321 2766 396 2820 τοίνυν
409 2765 526 2839 Ὀρέστης
540 2770 642 2840 Ἐρινύσι
656 2769 808 2841 παραχρῆμα
818 2767 862 2835 τῆν
876 2770 939 2836 δίκην
953 2765 1024 2824 έδωκε
1037 2769 1128 2840 μανείς.
1176 2767 1256 2823 Μενέ-

109 2865 170 2921 λαος
182 2856 208 2913 δέ
222 2862 249 2913 ἐκ
263 2859 349 2932 Τροίας
361 2856 444 2927 έλθιδν,
457 2861 554 2935 ὕστερος
566 2863 614 2935 γάρ
625 2862 803 2936 Ἀγαμέμνονος
816 2867 928 2931 ἐπανῆκε,
942 2864 984 2919 καὶ
998 2873 1033 2936 τῷ
1046 2867 1165 2933 Ναυπλίην
1178 2861 1257 2935 λιμένι

108 2948 245 3024 προσσχοδν,
259 2953 339 3017 νυκτδς
351 2952 397 3024 μὲν
410 2951 508 3022 Ἑλένην
520 2954 649 3027 εἰσπέμπει
663 2957 717 3029 πρδς
730 2957 854 3024 Μυκήνας,
869 2960 923 3030 μεθ’
938 2956 1028 3031 ἡμέραν
1040 2956 1064 3012 δὲ
1079 2956 1151 3020 αύτδς
1171 2955 1257 3031 εἰσῄει,

110 3049 154 3103 καὶ
174 3050 214 3103 τδν
234 3045 353 3123 Ὀρέστην
369 3051 496 3123 μεμηνότα
515 3047 592 3125 εῶρῶν,
606 3059 791 3125 παρακαλεῖται
810 3051 856 3125 μὲν
874 3054 917 3109 ῶπδ
931 3053 1047 3127 Ὀρέστου
1063 3054 1107 3108 καῖ
1121 3050 1259 3128 Ἠλέκτρας

110 3146 194 3195 σῶσαι
207 3144 300 3207 αύτούς.
322 3146 333 3198 6
350 3147 399 3219 γάρ
419 3147 463 3212 τῆς
480 3146 702 3221 Κλυταιμνήστρας
715 3147 795 3221 πατῆρ
816 3150 951 3222 Τυνδάρεως
962 3150 1058 3210 πάντας
1070 3150 1188 3221 Ἀργείους
1199 3159 1256 3202 κατ’

110 3241 192 3291 αὐτῶν
204 3239 319 3306 ἐκίνησεν,
335 3240 374 3294 ἴνα
390 3241 485 3304 τούτους
503 3243 533 3304 ῶς
549 3239 717 3314 μητροκτίνους
735 3239 849 3297 ἀνέλοιεν.
878 3245 907 3305 ῶς
922 3239 947 3296 δὲ
966 3241 1006 3296 τδν
1019 3242 1140 3315 Τυνδάρεω
1158 3243 1258 3298 ἀντιλέ-

110 3355 189 3405 γοντα
204 3328 265 3407 εῶρε,
279 3334 322 3389 καὶ
340 3332 398 3405 ἅμα
414 3336 456 3390 καῖ
477 3336 550 3400 αύτδς
566 3336 758 3410 ὑπολογιζόμενος
771 3343 801 3401 ῶς
814 3342 836 3392 εἴ
849 3336 967 3412 Ὀρέστης
980 3340 1123 3410 ἀναιρεθείη,
1137 3339 1257 3406 βασιλεὺς

110 3428 267 3495 αύτδςέσται
281 3437 322 3485 ποῶ
331 3427 440 3505 Ἀργους,
455 3437 495 3487 ούκ
508 3429 592 3500 ῆθελεν
602 3433 708 3507 Ὀρέστῃ
723 3455 751 3488 τε
766 3434 808 3488 καῖ
821 3438 852 3508 τῆ
866 3436 964 3508 ἀδελφῆ
978 3440 1130 3506 συμμαχεῖν,
1143 3438 1215 3490 ἀλλά
1229 3436 1257 3491 τδ

110 3533 159 3582 τῶν
171 3529 285 3601 Ἀργείων
302 3530 390 3595 πλῆθος
408 3525 493 3602 έλεγεν
513 3529 685 3597 εὐλαβεῖσθαι.
707 3535 796 3602 πρῶτον
814 3529 859 3600 μὲν
881 3524 918 3583 οὖν
931 3528 1049 3604 Ὀρέστης
1068 3531 1110 3585 καῖ
1124 3533 1258 3607 Τυνδάρεως

111 3623 276 3693 διελέχθησαν
297 3625 351 3696 πρδς
368 3624 498 3691 ἀλλήλους,
520 3627 531 3679 6
549 3622 595 3695 μὲν
610 3629 640 3689 ῶς
651 3630 676 3678 ού
694 3626 788 3689 δικαίως
800 3627 910 3681 ἀνείλετο
926 3625 1148 3701 Κλυταιμνήστραν
1161 3629 1256 3696 δεικνὺς,

110 3718 228 3792 Ὀρέστης
240 3719 266 3774 δὲ
280 3721 365 3784 ῶςκαῖ
378 3723 452 3791 μάλα
466 3723 569 3786 δικαίως,
584 3725 606 3776 εί
619 3721 662 3776 καῖ
677 3724 788 3796 μυριάκις
806 3722 883 3789 αύτῆν
900 3718 947 3776 έδει
967 3724 1090 3777 τεθνάναι.
1115 3720 1202 3780 ἔπειτα
1216 3730 1256 3781 έκ-

109 3815 215 3881 κλησίας
234 3819 258 3869 έν
278 3817 404 3890 ἀκροπόλει
419 3822 534 3884 Μυκηνῶν
547 3815 672 3889 γενομένης
692 3818 735 3872 καί
753 3816 877 3872 συνιέντων
898 3825 945 3872 τῶν
964 3817 1108 3891 προύχίντων
1129 3825 1154 3874 ἐν
1163 3816 1256 3894 ἴΑργει,

109 3907 228 3983 Ὀρέστης
245 3910 287 3966 ύπδ
309 3914 421 3967 Πυλάδου
441 3915 545 3988 φοράδην
565 3916 645 3968 ἐκεῖσε
666 3913 802 3984 κομίζεται.
824 3911 938 3986 λύγωνδέ
958 3919 1053 3968 πολλῶν
1067 3913 1200 3986 γινομένων,
1215 3915 1258 3970 καῖ

110 4010 159 4060 τῶν
172 4003 217 4077 μέν
230 4007 374 4074 βοηθούντων
382 4004 497 4082 Ὀρέστη,
511 4013 559 4062 τῶν
572 4007 596 4064 δὲ
611 4009 802 4080 ἐναντιουμένων,
820 4009 888 4074 τέλος
901 4011 1013 4077 ε’νίκησαν
1027 4014 1047 4064 οἱ
1061 4013 1139 4065 κακοί.
1153 4009 1197 4063 καὶ
1209 4033 1257 4064 κα-

110 4105 252 4176 τακρίνεται
265 4102 383 4177 Ὀρέστης
396 4104 467 4168 αύτύς
480 4127 509 4160 τε
523 4104 566 4158 καῖ
580 4104 701 4180 ῆάδελφῆ
716 4107 788 4169 λίθοις
799 4104 930 4173 βληθέντες
944 4108 1082 4160 ἀποθανεῖν.
1102 4102 1220 4178 Ὀρέστης
1232 4102 1258 4158 δὲ

111 4199 280 4269 ἐπηγγείλατο
292 4198 347 4273 πρδς
360 4199 388 4253 τδ
401 4202 488 4268 πλῆθος
507 4202 649 4274 αύτοχειρίρι
667 4200 753 4255 έαυτδν
770 4201 813 4255 καῖ
831 4200 875 4267 τῆν
888 4201 998 4275 ἀδελφὴν
1009 4195 1169 4275 ἀποσφάξαι.
1191 4197 1234 4253 καῖ
1247 4201 1258 4254 6

110 4293 183 4367 φίλος
194 4295 311 4363 Πυλάδης
319 4295 363 4350 καῖ
377 4298 444 4371 παρὰ
457 4296 502 4364 τῆν
515 4297 642 4371 συμφορῶν
655 4295 725 4371 φίλος
737 4292 815 4367 έμεινε
828 4295 871 4350 καῖ
884 4301 997 4350 κοινωνεῖν
1010 4299 1079 4364 αύτῷ
1091 4297 1133 4362 τῆς
1146 4296 1260 4361 τελευτῆς

110 4382 198 4454 ῆξίωσε
212 4389 393 4464 τροθυμύτατα.
416 4392 467 4447 ἐπεὶ
485 4390 511 4448 δὲ
528 4391 604 4466 σφίσι
624 4397 694 4446 τοῶτο
712 4394 799 4447 παθεῖν
817 4389 947 4467 προύκειτο,
962 4393 1120 4463 συμβουλεύει
1135 4392 1258 4460 Πυλάδης,
