2880 4882
414 562 472 626 TA
497 561 586 626 ἹῸΎ
609 563 848 628 ΔΡΑΜΑΤΟΣ
874 566 1088 633 ΠΡΟΣΩΠΑ

375 724 556 775 ΑΦΡΟΔΙΤΗ.
971 733 1104 783 ΦΑΙΔΡΑ.

374 837 584 888 ΙΠΠΟΑὙΤΟΣ.
973 847 1134 896 ΑΓΓΕΛΟΣ.

373 951 608 1001 ΘΕΡΑΠΟΝΤΕΣ.
851 990 853 996 -
972 960 1117 1010 ΘΗΣΕΤΣ.

373 1063 483 1113 ΧΟΡΟΣ
503 1064 721 1116 ΤΡΟΙΖΗΝΙΩΝ
743 1069 932 1122 ΠΝΑΙΚΩΝ.
975 1069 1180 1124 ΕΞΑΓΓΕΛΟΣ.
1232 1083 1233 1086 ’

374 1176 516 1228 ΤΡΟΦΟΣ.
977 1186 1138 1236 ΑΡἹῈΜΙΣ.
1239 1237 1242 1242 ,

623 1356 840 1405 -φ-

618 1574 853 1640 ΤΠΟΘΕΣΙΣ.

209 1704 305 1771 Θησεὺς
317 1701 364 1766 υίδς
376 1699 421 1773 μέν
434 1695 462 1770 ήν
472 1697 561 1776 Αίθρας
571 1702 615 1758 καί
628 1703 781 1765 Ποσειδῶνος,
796 1701 915 1770 βασιλεὺς
930 1698 954 1755 δέ
963 1700 1102 1768 Ἀθηναίων·
1124 1699 1207 1773 γήμας
1220 1698 1246 1756 δέ
1259 1704 1323 1773 μίαν

167 1804 215 1855 τῦν
224 1797 363 1872 Ἀμαζόνων
370 1800 524 1867 Ἱππολύτην,
533 1796 675 1854 Ἱππόλυτον
684 1795 804 1870 ἐγέννησε,
816 1799 906 1852 κάλλει
915 1820 944 1851 τε
957 1796 1001 1851 καὶ
1015 1799 1154 1872 σωφροσύνῃ
1163 1796 1320 1872 διαφέροντα.

166 1897 219 1954 ἐπεὶ
245 1895 271 1954 δέ
290 1898 306 1967 ή
324 1902 466 1953 συνοικοῦσα
485 1896 526 1952 τδν
546 1897 598 1965 βίον
617 1891 783 1968 μετήλλαξεν,
805 1897 985 1968 ἐπεισηγάγετο
1001 1893 1118 1968 Κρητικὴν
1137 1901 1252 1968 γυναῖκα,
1275 1897 1321 1964 τήν

166 1995 258 2055 Μίνωος
276 1996 318 2046 τοῦ
332 1995 429 2065 Κρητῦν
442 1990 568 2060 βασιλέως
580 1991 623 2046 καὶ
637 1992 776 2064 Πασιφάης
789 1989 915 2064 θυγατέρα
928 1990 1046 2064 Φαίδραν.
1068 1993 1080 2045 ό
1094 1989 1120 2046 δὲ·
1134 1992 1231 2059 Θησεδς
1245 1994 1321 2047 Πάλ-

165 2099 258 2155 λαντα,
273 2086 317 2144 ἕνα
329 2093 377 2144 τῦν
390 2092 522 2162 συγγενῦυ,
537 2091 666 2164 φονεύσας,
681 2092 768 2164 φεύγει
783 2091 808 2153 ἐς
819 2089 934 2162 Τροιζῆνα
944 2090 1012 2159 μετὰ
1027 2091 1071 2156 τής
1087 2088 1208 2163 γυναικός,
1222 2085 1247 2143 οῦ
1261 2111 1319 2142 συν-

166 2184 211 2257 έβη
231 2186 272 2242 τδν
285 2183 427 2242 Ἱππόλυτον
440 2187 508 2260 παρὰ
523 2187 618 2241 Πιτθεῖ
628 2187 773 2260 τρέφεσθαι·
805 2183 946 2255 θεασαμένη
961 2183 986 2240 δέ
1005 2185 1045 2242 τδι
1059 2187 1180 2242 νεανίσκον
1193 2184 1208 2254 ἦ
1223 2187 1321 2261 Φαίδρα

166 2283 200 2346 είς
223 2281 351 2351 ἐπιθυμίαν
372 2275 484 2346 ι’όλισθευ,
498 2283 539 2335 οῦκ
559 2278 700 2344 ἀκόλαστος
719 2273 790 2344 οῦσα,
813 2283 938 2349 πληροῦσα
959 2276 984 2333 δέ
1003 2281 1145 2354 Ἀφροδίτης
1157 2281 1234 2352 μῆνιν,
1248 2276 1265 2347 ἢ
1278 2278 1320 2334 τδν

164 2374 306 2433 Ἱππόλυτον
316 2377 357 2431 διὰ
371 2378 524 2452 σωφροσύνην
538 2379 641 2430 ἀνελεῖν·
646 2377 750 2450 κρίνασα
764 2372 833 2438 τέλος
846 2381 895 2438 τοῖς
907 2377 1056 2449 προτεθεῖσιν
1069 2375 1181 2444 ἐπέθηκε,
1195 2374 1240 2442 τὴν
1253 2378 1318 2431 Φαί-

166 2473 222 2542 δραν
236 2475 268 2536 εἷς
281 2471 322 2528 τδν
334 2473 479 2527 Ἱππολύτου
492 2467 571 2545 ἔρωτα
584 2470 776 2545 παρορμήσασα.
800 2471 815 2538 ἧ
834 2469 859 2526 δέ
882 2471 1010 2544 στέγουσα
1030 2473 1074 2540 τὴν
1091 2471 1156 2528 νόσον
1174 2470 1248 2547 χρόνῳ
1265 2471 1320 2546 πρδς

166 2563 210 2632 τὴν
223 2563 310 2640 τροφδν
323 2565 351 2620 τδ
364 2565 439 2629 πάθος
452 2566 562 2632 δηλῦσαι
575 2565 730 2638 ἠναγκάσθη,
745 2565 1011 2638 κατεπαγγειλαμένην
1024 2571 1087 2642 αὐτῇ
1101 2565 1239 2636 βοηθήσειν·
1266 2566 1320 2634 ἥτις
1389 2622 1391 2627 ,

165 2665 210 2720 καὶ
229 2664 300 2717 κατὰ
317 2661 362 2729 τὴν
379 2664 514 2735 προαίρεσιν
530 2660 612 2735 λύγους
630 2660 774 2736 προσήνεγκε
794 2670 830 2732 τῷ
845 2663 970 2733 νεανίσκῳ.
991 2663 1164 2738 τραχυνόμενον
1176 2663 1202 2720 δὲ
1216 2663 1318 2731 αύτδνῆ

165 2763 263 2835 Φαίδρα
276 2762 473 2829 καταμαθοῦσα,
487 2768 520 2834 τῇ
533 2757 579 2829 μὲν
591 2765 671 2834 τροφφ
685 2755 827 2827 ἐπέπληξεν,
842 2761 932 2827 ἑαυτὴν
945 2759 970 2816 δέ
984 2760 1115 2835 ἀνήρτησε.
1129 2763 1186 2817 καθ’
1199 2757 1225 2817 δν
1238 2761 1319 2836 καιρδν

165 2858 252 2934 φανείς
264 2860 369 2925 Θησεὺς,
383 2857 426 2912 καὶ
440 2858 553 2912 καθελεῖν
567 2858 672 2912 σπεύδων
686 2857 730 2925 τήν
744 2857 963 2930 άπηγχονισμένην,
978 2855 1042 2933 εῦρεν
1052 2863 1117 2934 αὐτῇΙ
1126 2858 1319 2934 προσηρτημένην

165 2954 258 3023 δέλτον,
272 2957 301 3011 δι’
315 2948 343 3023 ής
355 2950 497 3009 Ἱππολύτου
517 2955 609 3029 φθορθιν
628 2953 757 3028 κατηγόρει
779 2955 823 3010 καὶ
843 2954 981 3024 ἐπιβουλήν.
1002 2959 1142 3020 πιστεύσας
1161 2955 1187 3012 δὲ
1208 2962 1259 3021 τοῖς
1270 2980 1316 3030 γε-

164 3052 310 3129 γραμμένοις
327 3051 368 3108 τδν
383 3051 429 3125 μὲν
448 3049 589 3108 Ἱππόλυτον
603 3047 709 3116 ἐπέταξε
722 3054 830 3127 φεύγειν,
846 3052 919 3116 αδτδς
928 3050 954 3107 δέ
967 3061 1005 3123 τῷ
1018 3056 1149 3109 Ποσειδῦνι
1162 3057 1223 3129 ἀρὰς
1235 3052 1316 3126 έθετο,

165 3148 196 3210 οῦν
216 3151 375 3214 ἐπακούσαςό
386 3148 436 3213 θεδς
445 3147 486 3204 τδν
499 3147 642 3203 Ἱππόλυτον
663 3146 801 3224 διέφθειρεν.
819 3145 934 3224 Ἄρτεμις
943 3145 970 3203 δὲ
983 3154 1030 3204 τῦν
1044 3149 1206 3222 γεγενημένων
1216 3149 1318 3210 ἕκαστα

166 3247 355 3322 διασαφήσασα
369 3249 459 3313 Θησεῦ,
478 3243 521 3312 τὴν
535 3240 581 3314 μέν
599 3243 709 3317 Φαίδραν
727 3249 752 3298 οὐ
772 3242 965 3316 κατεμέμψατο,
980 3250 1063 3299 τοῦτον
1081 3244 1107 3301 δέ
1124 3248 1318 3321 παρεμυθήσατο

165 3344 213 3396 υίοῦ
226 3338 269 3396 καδ
282 3337 393 3413 γνναικδς
405 3337 563 3413 στερηθέντα·
585 3348 620 3410 τῷ
640 3336 666 3394 δέ
679 3341 815 3410 Ἱππολύτῳ
833 3341 909 3412 τιμὰς
929 3334 977 3415 ἔφη
996 3341 1130 3416 ἐπιχωρίους
1152 3346 1317 3415 ἐγκαταστή-

166 3440 272 3492 σασθαι.

204 3536 237 3588 ‘H
258 3533 333 3602 σκηνὴ
353 3538 394 3588 τοῦ
410 3534 532 3607 δράματος
552 3537 577 3588 ἐν
595 3535 699 3606 Τροιζῆνι
720 3539 811 3588 κεῖται.
833 3535 948 3605 ἐδιδάχθη
967 3534 1006 3590 ἐπὶ
1019 3537 1185 3607 Ἐπαμείνονος
1203 3534 1317 3611 άρχοντος

164 3632 293 3702 όλυμπιάδι
308 3631 454 3704 ὀγδοηκοστῇ
467 3628 558 3702 ἑβδόμη
572 3624 622 3684 ἕπει
637 3631 757 3702 τετάρτῳ.
771 3633 860 3702 πρῦτος
874 3630 1003 3704 Εὐριπίδης,
1019 3634 1123 3706 δεύτερος
1136 3637 1229 3708 Ἱοφῦν,
1240 3635 1319 3709 τρόπος

159 3719 226 3780 Ἴων·
250 3720 306 3779 ἐστι
321 3723 345 3779 δέ
361 3721 604 3787 οῦτοςόἹππόλυτος
617 3725 730 3797 δεύτερος,
745 3722 788 3778 καί
802 3730 991 3781 ΣΤΕΦΑΝΙΑΣ
1005 3727 1240 3802 προσαγορευόμενος.
1269 3737 1318 3804 ἐμ-

164 3822 282 3898 φαίνεται
296 3817 321 3876 δέ
335 3819 432 3892 ῦστερος
445 3816 620 3892 γεγραμμένος.
642 3816 669 3871 τδ
688 3820 737 3891 γὰρ
755 3817 859 3892 ἀπρεπὲς
878 3820 921 3875 καὶ
939 3823 1085 3897 κατηγορίας
1102 3821 1168 3889 ἄξιον
1189 3832 1213 3882 ἐν
1237 3833 1317 3901 τούτῳ

164 3918 293 3991 διόρθωται
307 3920 343 3986 τρῦ
356 3916 474 3989 δράματι.
496 3913 524 3969 τδ
533 3911 558 3969 δέ
570 3915 652 3986 δρᾶμα
667 3918 714 3968 τῶν
727 3915 832 3988 πράτων.
