2880 4882
397 528 454 590 TA
480 527 568 591 ΤΟΥ
592 527 831 590 ΔΡΑΜΑΤΟΣ
858 529 1072 593 ΠΡΟΣΩΠΑ

400 693 566 741 ΗΛΕΚΤΡΑ.
682 722 684 726 »
911 695 1122 744 ΤὙΝΔΑΡΕΩΣ.

400 805 527 853 ΕΛΕΝΗ.
914 807 1084 854 ΠΤΛΑΔΗΣ.

399 915 568 964 ΕΡΜΙΟΝΗ.
916 915 1077 964 ΑΓΓΕΛΟΣ.

400 1031 522 1079 ΧΟΡΟΣ.
916 1026 1013 1080 ΦΡΎΞ.

400 1143 562 1191 ΟΡΕΣΤΗΣ.
920 1140 1100 1189 ΑΠΟΛΛΩΝ.

402 1251 599 1300 ΜΕΝΕΛΑΟΣ.

613 1430 832 1465 ..4-

607 1586 843 1653 ΤΠΟΘΕΣΙΣ.

192 1719 311 1794 Ὀρέστης
330 1718 370 1774 τδν
391 1716 460 1793 φίνον
479 1723 520 1772 τοῦ
540 1718 629 1792 πατρδς
643 1719 860 1793 μεταπορευόμενος
879 1724 979 1774 ἀνεῖλεν
992 1715 1109 1792 Αἴγισθον
1128 1718 1172 1773 καῖ
1193 1724 1306 1773 Κλυται-

153 1816 287 1891 μνήστραν·
308 1817 501 1889 μητροκτοιῆσαι
521 1812 548 1869 δὲ
566 1814 706 1886 τολμήσας,
725 1819 878 1890 παραχρῖρμα
892 1816 936 1882 τὴν
950 1818 1015 1883 δίκην
1029 1812 1122 1880 έδωκεν,
1138 1814 1247 1885 ἐμμανὴς
1260 1837 1304 1887 γε·

153 1912 252 1985 νίμενος.
274 1915 396 1986 Τυνδάρεω
410 1909 436 1966 δέ
450 1917 492 1964 τοῦ
506 1910 597 1984 πατρδς
610 1913 653 1976 τῆς
666 1911 810 1986 ἀνῃρημένης
823 1913 1036 1986 κατηγορήσαντος
1050 1917 1108 1966 κατ’
1122 1916 1208 1974 αὐτοῦ,
1228 1906 1304 1981 έμελ·

153 2014 194 2060 λον
204 2010 306 2080 Ἀργεῖοι
320 2007 395 2074 κοινὴν
410 2008 492 2080 ψῆφον
507 2006 655 2082 ἐκφέρεσθαι
669 2008 776 2082 περὶτοῦ
795 2009 824 2062 τί
834 2009 873 2062 δεῖ
880 2009 968 2061 παθεῖν
981 2005 1021 2060 τδν
1035 2004 1212 2073 ἀσεβησαντα·
1235 2007 1306 2060 κατά

153 2106 231 2175 τύχην
244 2102 270 2159 δέ
283 2105 410 2167 Μενέλαος
424 2107 451 2159 ἐκ
465 2106 509 2171 τῆς
520 2105 614 2171 πλάνης
624 2105 790 2178 ὑποστρέψας,
801 2104 883 2167 νυκτδς
890 2101 935 2174 μέν
944 2101 1043 2169 Ἑλένην
1054 2101 1239 2165 εἷσαπέστειλε,
1248 2103 1304 2172 μεθ’
1403 2107 1405 2110 ’

153 2199 244 2274 ἡμέραν
264 2199 289 2256 δὲ
310 2200 384 2264 αύτδς
403 2195 473 2266 ἦλθε.
495 2200 538 2254 καῖ
556 2202 770 2274 παρακαλούμενος
787 2205 826 2255 ὑπ’
847 2199 964 2273 Ὀρέστου
980 2200 1100 2267 βοηθῆσαι
1115 2202 1191 2268 αὐτῷ,
1205 2194 1305 2252 ἀντιλέ-

152 2319 231 2368 γοντα
244 2298 379 2371 Τυνδάρεων
393 2302 490 2367 μᾶλλον
503 2296 641 2364 ηὐλαβήθη·
664 2296 799 2367 λεχθέντων
810 2295 835 2352 δὲ
849 2296 927 2368 λέγων
940 2299 965 2350 ἐν
979 2301 1028 2358 τοῖς
1040 2290 1129 2366 δ’χλοις,
1144 2292 1262 2364 ε’πηνέχθη
1276 2292 1304 2347 τδ

154 2394 242 2460 πλῆθος
258 2395 406 2448 ἀποκτείνειν
420 2393 549 2467 Ὀρέστην.
571 2391 590 2426 ῖ
605 2391 680 2446 συνάν
693 2391 718 2448 δὲ
733 2395 823 2456 τούτοις
835 2395 846 2446 5
860 2394 975 2459 Πυλάδης
987 2393 998 2444 5
1012 2392 1083 2466 φίλος
1099 2395 1173 2445 αὐτοῦ
1190 2390 1304 2457 συνεβού-

154 2498 229 2544 λευσε
243 2495 335 2562 πρῶτον
348 2492 478 2544 Μενελάου
489 2489 606 2562 τιμωρίαν
619 2489 719 2556 λαβεῖν,
733 2487 833 2556 Ἑλένην
846 2489 1045 2552 ἀποκτείναντας.
1061 2487 1131 2542 αὐτοὶ
1151 2484 1196 2558 μέν
1214 2478 1252 2540 οθν
1265 2487 1304 2541 ε’πῖ

157 2584 250 2644 τούτοις
269 2578 378 2644 έλθέντες
398 2583 577 2649 διεφεύσθησαν
597 2587 641 2649 τῆς
660 2582 761 2647 ἐλπίδος,
777 2584 834 2637 θεῶν
848 2581 892 2648 τὴν
903 2579 1002 2648 Ἑλένην
1016 2582 1190 2654 ἀρπασάντων·
1210 2577 1303 2634 Ἠλέκ-

158 2701 206 2753 τρα
225 2675 249 2733 δέ
263 2677 383 2751 Ἕρμιίνην
403 2683 569 2752 ἐπιφανεῖσαν
583 2674 668 2733 ἔδωκεν
687 2683 720 2742 εἷς
732 2684 817 2752 χεῖρας
830 2683 919 2742 αὐτοῖς·
935 2681 955 2732 οἶ
969 2676 994 2733 δὲ
1005 2681 1098 2745 ταύτην
1112 2677 1216 2751 φονεύειν
1229 2671 1303 2746 έμελ-

157 2780 205 2826 λον·
233 2772 358 2847 ἐπιφανεῖς
371 2770 396 2827 δὲ
410 2771 546 2835 Μενέλαος,
561 2773 604 2826 καῖ
617 2773 713 2839 βλέπων
728 2773 812 2828 ἑαυτδν
827 2770 886 2844 άμα
900 2773 1012 2845 1γυναικδς
1021 2772 1063 2826 καῖ
1078 2771 1160 2827 τέκνου
1173 2774 1303 2846 στερούμε-

157 2890 193 2922 νον
201 2872 238 2923 ὑπ’
250 2872 338 2935 αύτύν,
353 2869 490 2936 ἐπεβάλετο
504 2871 539 2922 τά
553 2868 678 2936 βασίλεια
691 2872 790 2943 πορθεῖν·
812 2875 833 2924 οἱ
846 2869 871 2925 δὲ
884 2872 1031 2944 φθάσαντες
1040 2868 1302 2943 ὑφάψεινῆπείλησαν.

157 2965 281 3039 ἐπιφανεῖς
302 2963 327 3020 δέ
351 2963 476 3019 Ἀπολλων
487 2961 585 3033 Ἐλένην
605 2964 650 3036 μὲν
670 2962 763 3042 έφησεν
783 2970 816 3030 εἷς
836 2968 898 3030 θεοδς
919 2966 1072 3036 διακομίζειν,
1087 2965 1193 3039 Ὀρέστη
1207 2963 1233 3021 δὲ
1247 2970 1302 3039 Ἐρ-

155 3059 235 3132 μιίνην
249 3056 354 3125 ἐπέταξε
374 3062 473 3129 λαβεῖν,
489 3063 592 3135 Πυλάδη
606 3060 631 3116 δὲ
645 3062 784 3136 Ἠλέκτραν
806 3061 950 3127 συνοικίσαι,
965 3063 1111 3136 καθαρθέντι
1125 3061 1151 3117 δὲ
1171 3068 1213 3118 ποῖ
1232 3063 1303 3138 φάνεν

152 3153 254 3232 ’Ἄργους
266 3154 357 3231 ἀρχειν.

195 3258 228 3308 Ἠ
243 3251 287 3324 μέν
301 3252 376 3320 σκηνδη
391 3258 431 3306 τοῦ
445 3254 568 3326 δράματος
580 3252 704 3309 ύπίκειται
719 3251 847 3329 ε’νἌργει·
874 3257 885 3309 5
899 3253 925 3310 δέ
938 3255 1003 3329 χορδς
1016 3255 1162 3323 συνέστηκεν
1176 3261 1203 3311 ἐκ
1216 3279 1302 3328 γυναι·

155 3352 202 3401 κάν
217 3349 339 3419 Ἀργείων,
354 3345 509 3414 ἡλικιωτίδων
528 3347 675 3422 Ἠλέκτρας,
697 3347 726 3403 αῖ
744 3351 787 3405 καῖ
807 3351 982 3425 παραγίνονται
1001 3349 1058 3425 ὑπὲρ
1076 3353 1120 3418 τῆς
1132 3358 1174 3406 τοῦ
1187 3349 1303 3424 Ὀρέστου

154 3440 326 3513 πυνθανύμεναι
337 3448 472 3516 συμφορᾶς.
487 3445 587 3516 προλοχί
589 3446 623 3511 ζει
638 3441 663 3497 δὲ
676 3442 812 3518 Ἠλέκτρα.
835 3444 863 3498 τδ
876 3444 901 3498 δὲ
916 3446 998 3518 δράμα
1011 3443 1179 3518 κωμικωτέραν
1193 3441 1245 3515 έχει
1258 3443 1303 3512 τὴν

154 3535 340 3609 καταστροφήν.
362 3534 377 3602 ἦ
391 3534 416 3590 δὲ
427 3535 542 3601 διασκευὴ
557 3535 680 3608 δράματύς
690 3541 746 3590 ε’στι
755 3541 866 3605 τοιαύτη.
887 3538 942 3611 πρδς
955 3540 990 3592 τά
1005 3544 1046 3592 τού
1059 3538 1236 3610 Ἀγαμέμνονος
1249 3538 1302 3605 βα·

154 3632 239 3686 σίλεια
259 3629 384 3686 ύπίκειται
398 3630 517 3703 Ὀρέστης
536 3632 634 3701 κάμνων
654 3631 695 3686 καῖ
717 3631 823 3703 κείμενος
842 3632 884 3688 ὑπδ
905 3636 995 3704 μανίας
1014 3634 1053 3689 έπῖ
1066 3632 1184 3698 κλινιδίου,
1198 3630 1215 3702 ᾧ
1229 3655 1303 3706 προσ-

153 3727 285 3796 καθέζεται
304 3727 358 3799 πρδς
376 3730 426 3786 τοῖς
445 3724 514 3778 ποσῖν
532 3723 667 3798 Ἠλέκτρα.
691 3727 839 3799 διαπορεῖται
861 3726 887 3782 δὲ
906 3730 934 3782 τί
945 3727 1069 3796 δήποτεού
1083 3729 1136 3803 πρδς
1156 3735 1187 3804 τῇ
1202 3735 1302 3804 κεφαλῇ

152 3822 294 3893 καθέζεται·
316 3822 375 3876 οὕτω
395 3819 421 3875 δέ
440 3826 536 3890 μᾶλλον
556 3819 631 3876 ε’δίκει
644 3821 685 3876 τδν
699 3823 807 3896 ἀδελφδν
819 3830 943 3894 τημελεῖν,
955 3826 1126 3899 πλησιαίτερον
1140 3826 1301 3898 προσκαθεζο-

152 3918 221 3991 μένη.
243 3914 316 3974 έοικεν
330 3911 368 3972 οὖν
382 3918 422 3972 διά
437 3917 478 3971 τὶν
491 3917 557 3990 χορδν
570 3919 581 3971 5
595 3919 692 3985 ποιητὴς
706 3921 880 3974 διασκευάσαι·
907 3922 1015 3996 διηγέρθη
1032 3924 1081 3995 ηάρ
1100 3917 1131 3976 ἀν
1149 3925 1159 3976 5
1174 3920 1301 3995 Ὀρέστης,

152 4010 208 4087 ἀρτι
230 4014 272 4068 καῖ
290 4011 361 4085 μίηις
380 4013 552 4086 καταδραθεῖς,
567 4016 738 4089 πλησιαίτερον
756 4019 824 4086 αύτρῖ
842 4021 889 4070 τῶν
903 4019 972 4070 κατὰ
986 4017 1027 4072 τδν
1039 4017 1105 4091 χορδν
1119 4023 1236 4089 ’γυναικῶν
1250 4039 1300 4070 πα-

151 4112 309 4185 ρισταμένων.
332 4108 388 4167 έστι
410 4109 434 4166 δέ
456 4113 584 4177 ὑπονοῆσαι
605 4117 675 4165 τοῦτο
691 4108 719 4174 ἐξ
739 4108 768 4166 ἀν
786 4120 862 4186 φησιν
876 4110 1002 4185 Ἠλέκτρα
1015 4120 1051 4182 τῷ
1064 4119 1133 4185 χορηῖ,
1149 4114 1212 4186 σίγα
1226 4115 1299 4184 σίγα,

152 4208 240 4263 λεπτδν
259 4205 323 4279 ἰ’χνος
342 4210 457 4281 ἀρβύλης·
479 4207 576 4262 πιθανδν
596 4201 633 4261 σύν
653 4210 746 4274 ταύτην
764 4202 824 4262 εῖναι
839 4208 883 4274 την
897 4207 1019 4282 πρόφασιν
1031 4211 1074 4276 τῆς
1092 4211 1204 4277 τοιαύτης
1218 4209 1300 4264 διαθέ-

151 4327 220 4369 σεως.
241 4303 269 4359 τδ
288 4306 368 4378 δράμα
386 4309 433 4357 τῶν
454 4303 493 4358 ἐπὶ
513 4306 599 4371 σκηνῆς
618 4302 803 4374 εὐδοκιμούντων·
826 4303 946 4377 χείριστον
966 4301 991 4358 δὲ
1012 4309 1061 4368 τοῖς
1073 4300 1152 4371 ἤθεσι.
1174 4303 1237 4371 πλὴν
1250 4307 1298 4380 ’γάρ

152 4404 265 4458 Πυλάδου
278 4405 368 4466 πάντες
381 4406 473 4477 φαῦλοι
485 4396 559 4457 ἀσαν.
