2880 4882
660 232 840 315 [τοι]

176 419 220 472 ρας
232 396 293 455 τίνοι
314 402 381 457 ἑπτά
395 404 453 456 εἰσι.
474 400 518 457 καί
538 399 566 456 τδ
584 397 630 472 μίν
642 401 748 472 μυθῖδες
760 405 873 456 τοιοῦτον·
894 397 1042 455 πέπλασται
1055 395 1080 454 δὲ
1094 400 1135 454 διὰ
1150 397 1178 454 τδ
1191 394 1267 473 άκρως
1279 397 1321 474 ήρ·

177 493 271 567 μίσθαι
284 498 320 551 τὰ
334 496 405 567 τείχη
418 499 592 570 προσάλληλα.
614 496 690 571 ήγάρ
704 498 807 571 άρμονία
820 497 936 568 μουσικής
947 492 1015 551 ῖδιον.

217 594 315 662 Κάδμος
332 588 370 647 οῖον
388 593 472 666 γήμας
484 597 527 660 τῆς
540 591 680 668 ’Λφροδίτης
694 594 737 648 καί
745 591 834 667 Ἄρεως
846 596 929 648 παῖδα
941 594 1068 668 Ἁρμονίαν
1081 591 1195 664 ἐγέννησε
1209 591 1320 646 Πολύδω·

175 711 222 762 ρον,
235 691 247 743 ἰ
260 686 286 744 δέ
299 691 438 759 Λάβδακον,
452 693 463 746 ἰ
478 689 503 746 δὲ
514 692 598 746 Λάϊον.
620 689 685 754 οὗτος
697 688 841 766 ἀφικθμενθς
850 713 907 744 ποτε
923 693 956 754 εἰς
964 681 1041 744 Ἦλιν
1053 689 1096 743 καί
1110 687 1151 743 τδν
1163 692 1205 742 ποῖ
1216 685 1322 751 Πέλοπος

176 784 223 840 υἰδν
237 787 375 860 Χρύσιππον
388 786 450 851 ἰδεῖν,
459 781 520 854 δςήν
534 786 564 856 ἐξ
576 784 656 855 άλλης
669 791 738 856 αὐτῷ
750 786 861 859 γυναικδς
872 785 915 840 καί
928 789 968 840 οιίκ
982 790 1009 840 έκ
1023 787 1067 853 τῆς
1076 783 1193 857 θυγατρδς
1202 784 1321 854 Οἰνομάου

173 884 356 954 Ἱπποδαμείας,
371 884 414 938 καί
428 886 501 948 άλοδς
514 887 598 939 τούτου
610 884 738 957 κατάκρας
750 892 787 954 τῷ
799 878 877 955 ἔρωτι,
889 883 1008 955 άρπάσας
1021 884 1054 944 εἰς
1067 879 1155 948 Θήβας
1167 875 1262 951 ήνεῳκε.
1277 878 1320 932 καί
1405 869 1408 873 ’

175 980 246 1045 συνῆν
259 983 327 1051 αὐτῷ
338 982 374 1034 τὰ
388 983 490 1054 ε’ρωτικά
502 986 591 1054 πρῶτος
603 985 628 1036 ε’ν
638 983 765 1053 ἀνθρώπως
774 978 818 1047 τήν
831 980 1013 1053 ἀρρενοφθορίαν
1026 975 1105 1051 εὑρεῖν,
1120 974 1200 1039 καθιίς
1213 975 1240 1042 δή
1252 975 1295 1030 καί
1307 980 1319 1034 ὅ

173 1077 231 1138 Ζεὺς
244 1079 268 1131 ἰν
282 1078 342 1140 θεοῖς
354 1075 395 1131 τὸν
409 1078 548 1148 Γανυμήδην
560 1079 686 1151 ἀρπάσας.
707 1079 719 1131 ὅ
735 1074 759 1133 δὲ
782 1075 872 1144 Πέλοψ
884 1077 971 1146 μαθιδν
984 1081 1054 1129 τοῦτο
1067 1075 1230 1147 κατηράσατο
1251 1076 1319 1147 Λαίῳ

172 1168 291 1239 μηδέποτε
304 1169 350 1242 μὲν
363 1174 444 1227 παῖδα
457 1179 545 1239 τεκεῖν,
559 1178 582 1228 εἰ
595 1175 614 1228 δ’
629 1171 679 1247 άρα
691 1173 735 1228 καί
748 1172 870 1244 συμβαίη,
881 1174 919 1224 ὑπ’
929 1175 1003 1224 αὐτοῦ
1012 1176 1094 1223 τοῦτον
1103 1169 1317 1243 ἀναιρεθήσεσθαι.

172 1266 213 1320 διὰ
226 1272 311 1321 ταῖτα
323 1270 397 1323 πολδν
409 1264 452 1336 ήδη
469 1269 549 1343 χρίνον
566 1272 577 1324 ὅ
591 1272 665 1334 Λάϊος
681 1267 759 1333 ἅπαις
776 1264 805 1324 εῖν
822 1267 986 1342 παραγίνεται
1005 1270 1038 1330 εἰς
1052 1267 1145 1320 Πυθίαν
1163 1265 1206 1321 καί
1227 1267 1318 1322 παίδων

172 1365 242 1417 αἰτεῖ
251 1363 328 1436 γονήν.
350 1365 393 1420 καί
406 1367 487 1421 ἀκούει
500 1365 586 1422 τοιάνδε
600 1365 717 1438 χρησμόν.

333 1462 395 1515 Λάῒε
410 1462 565 1530 Λαβδακίδη,
580 1464 671 1518 παίδων
683 1460 748 1536 γένος
760 1458 841 1531 ῖλβιον
854 1465 940 1525 αἰτεῖς.

333 1552 409 1620 τέξεις
423 1556 468 1627 μὲν
482 1559 554 1632 φίλον
568 1558 624 1625 υἰδν,
639 1561 705 1632 ἀτὰρ
719 1557 774 1614 τάδε
784 1581 822 1612 σοι
834 1556 902 1630 μέρος
915 1552 1000 1621 ἔσται,

331 1651 414 1715 παιδδς
427 1655 465 1706 ἑοῖο
478 1652 588 1725 χείρεσσι
601 1659 680 1708 λιπεῖν
693 1656 754 1722 βίον·
771 1650 857 1726 ιδςῳὰρ
871 1647 953 1706 ένευσε

331 1749 389 1812 Ζεὺς
404 1751 519 1822 Κρονίδης,
536 1749 643 1815 Πέλοπος
656 1755 785 1823 στυγεραῖς
799 1753 886 1821 ἀραῖσι
900 1747 1015 1816 πιθήσας,

331 1839 356 1897 ού
369 1844 442 1917 φίλον
456 1843 569 1917 ήρπασας
580 1844 635 1900 υίθν·
665 1848 676 1900 ὅ
690 1847 709 1900 δ’
724 1840 816 1912 ηύξατύ
829 1866 867 1898 σοι
881 1845 942 1898 τάδε
954 1846 1047 1898 πάντα.

170 1938 269 1990 ὧντινιῖν
283 1938 459 2008 θεσπισμάτων
473 1944 504 2013 τῇ
518 1942 561 2006 τῆς
573 1939 685 2012 ῳυναικδς
697 1941 827 2005 Ἰοκάστης
845 1938 961 2009 ἐπιθυμίᾳ
976 1938 1020 1992 καί
1037 1936 1107 2012 ήδονή
1119 1935 1197 2011 ύσπερ
1210 1941 1315 1998 έκλαθθ·

168 2053 237 2102 μενος
250 2034 331 2098 Λάϊος,
345 2031 360 2102 ή
375 2031 404 2099 οῖς
416 2034 477 2100 τινές
490 2034 558 2110 φασι
571 2046 621 2107 μιᾷ
634 2042 681 2091 τῶν
692 2036 783 2111 ήμερῖν
797 2035 921 2110 βαρυνθεὶς
933 2041 968 2106 τῳ
981 2031 1032 2105 οῖνῳ
1045 2035 1089 2090 καί
1098 2036 1218 2091 συνελθεῖν
1227 2043 1258 2112 τῇ
1269 2043 1315 2092 αιί-

169 2130 211 2178 τοῦ
236 2128 334 2198 γυναικὶ
357 2130 473 2186 Οἰδίποδα
494 2133 594 2206 σπείρει.
621 2132 664 2188 καί
685 2129 754 2205 μετά
774 2131 802 2187 τδ
822 2133 940 2201 τεχθῆναι
961 2129 1034 2185 αάτδν
1054 2133 1240 2203 ἀναπεμπάσας
1262 2136 1316 2199 τοὺς

167 2222 289 2294 χρησμοὺς
301 2221 344 2276 καί
356 2222 432 2298 φύβον
452 2221 545 2295 λαβεῖν,
560 2225 705 2301 διαπορήσας
717 2229 771 2291 τοὺς
783 2225 857 2291 πέδας
875 2230 949 2281 αιὀτοῖ
968 2225 1011 2280 καί
1027 2226 1139 2300 γρυσέους
1154 2230 1243 2303 κρίκους
1259 2231 1314 2286 δια-

167 2320 354 2391 περοιησάμενος
365 2322 443 2395 ῥίπτει
457 2322 498 2376 διά
512 2327 559 2377 τοῖν
572 2325 660 2379 οἰκείων
673 2322 793 2391 βουκύλων
807 2327 840 2386 εἰς
852 2322 880 2377 τδ
893 2318 939 2396 ’ύρος
954 2321 994 2377 τδν
1009 2324 1156 2395 Κιθαιρῶνα,
1172 2329 1201 2389 ὣς
1213 2328 1257 2380 ὑπὸ
1271 2328 1314 2396 θη-

166 2412 218 2484 ρίων
232 2417 339 2470 ἐνταῦθα
353 2415 573 2491 ἀναιρεθησίμενον.
595 2415 671 2488 ἔτυχε
685 2418 710 2473 δὲ
725 2423 782 2473 κατ’
797 2423 870 2473 ε’κεῖνο
883 2424 964 2492 καιροῦ
978 2418 1021 2472 καί
1035 2420 1089 2483 τοδς
1104 2421 1215 2489 Πολύβου
1228 2421 1314 2495 νομέας

168 2509 292 2577 βασιλέως
305 2515 413 2586 Κορίνθου
432 2512 530 2583 βύσκειν
550 2519 609 2570 ε’κεῖ·
630 2512 652 2569 οἰ
670 2515 713 2570 καί
733 2514 761 2569 τδ
781 2513 869 2589 βρέφος
885 2513 988 2588 εὑρύντες
1003 2515 1046 2570 καί
1065 2514 1202 2588 ἀνελύμενοι
1215 2516 1313 2593 φέρουσι

166 2605 220 2679 πρδς
233 2607 278 2675 τήν
293 2611 406 2678 Πολύβου
418 2617 524 2682 γυναῖκα
538 2612 656 2685 Μερόπην.
670 2606 698 2678 ἦν
706 2614 755 2686 γὰρ
768 2613 874 2681 ἀπαιδίᾳ
887 2613 1052 2682 δυστυχοῖσα·
1067 2616 1114 2669 καί
1123 2636 1171 2677 πως
1183 2615 1259 2670 πείθει
1272 2615 1313 2672 τδν

167 2699 243 2777 ἄνδρα
257 2704 367 2774 Πόλυβον
379 2708 442 2776 αὐτὴ
456 2713 526 2763 τοῦτο
540 2715 627 2764 τεκεῖν.
649 2711 771 2784 ἀνδρωθεὶς
789 2708 813 2766 δὲ
832 2713 843 2764 δ
861 2715 920 2774 παῖς
938 2712 985 2765 καί
1001 2732 1050 2764 τινι
1069 2716 1117 2766 τῶν
1130 2716 1184 2767 ε’κεῖ
1193 2715 1313 2768 συνελθεῖν

167 2803 200 2864 εἰς
220 2797 275 2875 ἔριν,
290 2796 330 2856 οἰα
350 2801 377 2869 δὴ
398 2805 503 2875 γίνεται,
518 2807 548 2867 ὦς
563 2807 602 2857 οὐκ
623 2799 659 2871 εἰη
682 2804 793 2872 Πολύβου
812 2809 871 2866 παῖς
889 2799 972 2867 ’ύνειδος
991 2800 1052 2874 ἴσχε
1073 2808 1129 2879 παρ’
1151 2809 1233 2861 αἰτοῖ.
1261 2805 1313 2863 ἰθεν

166 2905 281 2967 ἀναστὰς
300 2908 442 2978 ἀφικνεῖται
461 2903 515 2978 πρδς
529 2904 571 2958 τδν
584 2902 695 2958 ’Λπύλλω
716 2902 857 2976 πευσίμενος
874 2903 926 2977 περί
945 2906 1039 2960 τούτου.
1069 2904 1112 2959 καί
1131 2909 1161 2970 ὥς
1174 2901 1248 2962 ἔσται
1263 2916 1311 2983 φο·

166 3003 217 3064 υεδς
235 3006 277 3055 τοῦ
299 3001 389 3076 πατρδς
406 3004 524 3074 μανθάνει
542 3002 585 3056 καί
601 3007 630 3066 ὡς
648 3006 679 3076 τῇ
694 3003 796 3076 τεκούσῃ
812 2999 942 3066 συνέσοιτο,
958 3001 1032 3055 ταυτί
1047 3001 1119 3073 μύνα·
1150 3004 1213 3068 τίνες
1226 3001 1250 3060 δέ
1265 2999 1312 3060 εἰεν

165 3104 232 3171 αύτῷ
240 3103 261 3154 οἰ
268 3105 344 3173 ῳινεῖς
354 3105 442 3174 σαφῶς
454 3103 479 3153 οὐ
492 3101 618 3168 μανθάνει.
634 3096 736 3153 έπανιάν
745 3096 770 3154 δὲ
780 3100 871 3153 ἐκεῖθεν
881 3099 1001 3165 ὑπήντησε
1010 3098 1087 3169 Λαίῳ,
1096 3099 1261 3174 ἀφικνουμένῳ
1268 3102 1312 3156 καί

164 3200 232 3266 αύτρῖ
242 3196 295 3270 πρδς
308 3195 428 3262 Ἀπέλλω,
444 3198 487 3271 ἐφ’
504 3193 586 3270 φπερί
599 3201 640 3250 τοῦ
659 3195 796 3259 ἐκτεθέντος
813 3194 896 3258 παιδδς
913 3199 1012 3266 γνῶναι,
1028 3199 1050 3249 εἰ
1062 3194 1170 3263 τέθνηκε.
1189 3197 1232 3251 καί
1245 3200 1256 3252 δ
1270 3204 1312 3253 τοῦ

164 3289 239 3343 Λαῖου
254 3292 359 3364 θεράπων
372 3296 441 3362 aar&
454 3296 546 3347 κελεύει
560 3291 641 3364 μικρδν
654 3293 807 3366 ὑποχωρῆσαι
820 3296 856 3361 τῷ
872 3291 983 3356 βασιλεῖ.
1024 3291 1133 3354 Οἰδίπους
1148 3288 1173 3345 δὲ
1193 3289 1311 3387 ὑπεροψίᾳ

162 3390 318 3460 κρατούμενος
336 3389 379 3443 καί
399 3395 469 3444 τοῦτο
489 3387 562 3461 μηδὲν
582 3387 683 3461 ε’νεῳκάν
703 3388 790 3443 κτείνει
809 3410 838 3441 τε
857 3386 898 3441 τδν
913 3388 1048 3460 θεράποντα
1066 3386 1109 3440 καί
1128 3388 1172 3442 σδν
1186 3392 1254 3459 αὖτρῖ
1269 3390 1311 3445 τδν

163 3483 288 3552 δεσπίτην,
310 3490 351 3559 οὐκ
367 3485 433 3550 εἰδιδς
456 3489 486 3549 ὡς
502 3483 659 3559 πατροκτύνος
671 3483 776 3556 γέγονεν,
792 3484 840 3547 ἔνδς
857 3481 925 3553 μένον
938 3489 985 3537 τοῖν
999 3481 1159 3555 συνεπομένων
1172 3484 1241 3555 Λαίῳ
1255 3486 1268 3540 δ
1297 3518 1309 3530 ·

159 3579 285 3656 φυγίντος,
298 3577 323 3647 δς
343 3583 370 3650 δή
387 3582 430 3638 καί
446 3581 488 3636 τδν
504 3580 574 3656 φίνον
592 3581 691 3653 ύστερον
709 3582 870 3655 διεσάφησεν,
892 3576 919 3642 ύς
939 3587 1003 3653 φησι
1021 3582 1145 3655 Σοφοκλῆς
1156 3585 1182 3636 έν
1202 3583 1309 3639 Οἰδίποδι

161 3676 274 3750 τυράννῳ.
290 3676 347 3733 τίτε
361 3673 397 3733 οδν
409 3680 518 3741 Οἰδίπους
530 3680 583 3741 τοδς
597 3682 638 3731 τοῖ
651 3678 727 3731 Λαίου
740 3679 821 3740 ἵππους
834 3675 920 3744 λαβεῖν
933 3675 975 3730 καί
988 3677 1073 3731 πάντα
1087 3679 1122 3731 τὰ
1133 3681 1215 3743 αἰτοῦ,
1225 3701 1308 3736 κατα·

161 3775 287 3845 λαμβάνει
309 3775 353 3842 τήν
368 3773 483 3848 Κήρινθον,
498 3774 541 3829 καί
562 3775 636 3838 διδοὺς
654 3780 740 3828 ταῦτα
753 3775 839 3828 πάντα
852 3773 958 3843 Πολύβῳ
968 3775 1061 3847 τροφάς
1074 3775 1164 3828 ἐκεῖθεν
1177 3777 1307 3848 ἀναχωρεῖ,

161 3867 203 3923 τδν
214 3867 266 3943 περί
279 3869 321 3934 τής
334 3868 507 3940 πατροκτονίας
518 3866 562 3920 καί
574 3869 617 3936 τής
629 3877 664 3942 τῇ
675 3867 747 3941 μητρὶ
761 3867 921 3930 συνελεύσεως
939 3865 1047 3939 χρησμὸν
1065 3868 1151 3930 δεδιύς·
1183 3862 1241 3936 ᾤετο
1258 3871 1308 3943 γὰρ

159 3963 268 4040 πατέρας
285 3968 358 4019 αἰτοῖ
377 3969 412 4034 τῳ
424 3958 474 4017 ’ύντι
489 3962 601 4032 Πύλυβον
615 3964 657 4018 καί
671 3964 715 4032 τήν
729 3966 815 4019 ἐκείνου
828 3968 934 4035 γυναῖκα
948 3957 1018 4017 εἰναι.
1040 3963 1083 4018 καί
1096 3967 1241 4037 ἀφικνεῖται
1254 3966 1309 4040 πρδς

159 4059 257 4128 Θήβας,
272 4055 341 4125 αἰδή
359 4057 403 4112 καί
422 4056 465 4112 ὑπδ
483 4059 526 4125 τής
538 4058 648 4134 Σφιγγὸς
668 4061 824 4130 ἔχειμάζοντο
838 4057 904 4125 τύτε,
919 4059 1040 4130 χρησμούς
1052 4081 1081 4112 τε
1095 4061 1251 4133 ῥαψῳδούσης
1263 4062 1307 4117 καί

156 4152 237 4211 δντινα
250 4157 359 4225 βούλοιτο
373 4160 420 4210 τῶν
432 4160 535 4210 πολιτιῖν
548 4156 701 4229 άρπαζούσης
714 4155 757 4209 καί
770 4155 959 4230 διαφθειρούσης,
974 4155 1015 4208 διὰ
1029 4154 1056 4211 τί
1069 4154 1104 4227 μή
1117 4154 1222 4211 συνιέναι
1237 4165 1307 4234 σφᾶς
